3267 5450
670 493 712 560 6
1191 508 1241 551 c.
1276 494 1322 550 Ι.
1392 493 1481 548 De
1517 493 1857 552 carminibus
1892 492 2047 550 chori
2083 489 2509 565 principalibus.

670 683 911 730 memus
973 662 1216 748 parodo
1279 662 1669 749 oppositum,
1737 661 1805 729 id
1863 661 2031 746 quod
2087 660 2214 726 iam
2268 659 2339 727 L.
2384 659 2672 727 Schmidt
2713 659 3054 727 Susemihl

671 764 781 830 alii
826 763 1259 848 senserunt1).
2045 751 2060 765 ’

837 866 1016 944 Quae
1060 863 1422 930 coniectura
1465 867 1567 928 sat
1609 862 1936 929 commode
1997 863 2244 928 favetur
2307 862 2401 929 eis
2455 864 2621 946 'quae
2663 861 2932 928 Tzetzes
2977 866 3057 929 et

671 967 900 1031 Pollux
961 965 1317 1031 communia
1381 964 1709 1030 exhibent:
1784 962 2117 1047 Westphal
2159 964 2350 1030 Proll.
2417 962 2500 1029 ad
2557 962 2858 1047 Aeschyl.
2916 962 3051 1028 IX.

669 1066 932 1131 Tzetzes
958 1066 1123 1131 enim
1159 1065 1362 1149 primo
1391 1065 1599 1148 capite
1643 1063 1784 1130 libri
1831 1062 1909 1130 de
1953 1064 2200 1148 tragica
2230 1063 2411 1148 poesi
2455 1063 2792 1148 conscripti
2824 1084 3049 1148 gram-

671 1166 968 1232 maticum
1015 1172 1267 1252 secutus
1311 1184 1437 1230 non
1481 1165 1571 1230 ita
1601 1163 2043 1249 spernendum,
2088 1164 2356 1231 necdum
2397 1169 2611 1229 tamen
2631 1163 2804 1229 *tanti
2847 1165 3049 1232 aesti-

672 1274 907 1332 matum
954 1265 1171 1348 quanti
1215 1264 1404 1331 debet
1432 1265 1706 1352 quinque
1749 1270 2075 1331 enumerat
2117 1272 2332 1348 partes
2376 1264 2767 1330 choricorum
2811 1266 3051 1332 carmi-

672 1388 855 1433 num:
898 1365 1208 1451 parodum
1251 1366 1578 1431 stasimum
1623 1367 1981 1431 emmeliam
2011 1385 2320 1431 commum
2350 1365 2644 1449 exodum,
2691 1386 2851 1449 quas
2895 1387 3047 1433 eas-

673 1468 817 1533 dem
871 1468 942 1549 (a
984 1464 1382 1550 Myriantheo
1427 1465 1881 1532 Marschlieder
1922 1466 2060 1534 93²⁰
2099 1463 2457 1553 neglectas)
2519 1466 2725 1534 eidem
2793 1467 3049 1534 auctori

672 1570 1081 1653 depromptas
1139 1566 1503 1654 (Westphal
1544 1568 1799 1652 Proleg.
1843 1566 1952 1651 10)
2010 1567 2237 1633 Pollux
2281 1566 2493 1651 prodit
2535 1567 2643 1653 IV,
2665 1548 2768 1635 '53
2812 1568 3048 1634 eodem

672 1668 892 1736 ordine
920 1674 1066 1752 post
1094 1687 1314 1734 vocem
1347 1667 1748 1752 tragoediae:
1792 1667 2099 1752 parodum
2130 1668 2458 1734 Stasimum
2484 1669 2839 1735 emmeliam
2869 1689 3047 1735 com-

672 1768 906 1835 matica
948 1767 1238 1835 exodum.
1308 1769 1488 1834 Haec
1528 1767 1786 1834 nomina
1827 1788 1967 1834 cum
2010 1788 2269 1852 prorsus
2303 1770 2593 1837 absimile
2638 1770 2721 1836 sit
2767 1771 2849 1836 ab
2893 1771 3047 1855 ipso

671 1871 785 1936 illo
827 1868 1242 1954 grammatico
1311 1866 1580 1934 conficta
1634 1887 1776 1935 esse
1836 1889 2100 1953 cumque
2144 1891 2226 1936 ex
2277 1870 2434 1956 ipsis
2479 1871 2717 1937 fabulis
2757 1890 2887 1937 non
2929 1870 3043 1938 de-

674 1977 928 2055 sumpta
980 1989 1121 2035 esse
1186 1969 1551 2050 videantur,
1619 1969 1815 2035 alium
1873 1970 2147 2053 aliquem
2211 1971 2295 2036 ab
2355 1992 2433 2039 eo
2491 1972 2557 2037 in
2621 1992 2804 2038 usum
2850 1992 3044 2039 voca-

673 2078 804 2138 tum
862 2089 1004 2136 esse
1070 2068 1541 2136 concedendum
1584 2077 1683 2135 est
1736 2071 1912 2136 cuius
1976 2076 2186 2137 aetate
2237 2077 2418 2138 vetus
2479 2073 2593 2138 illa
2656 2072 2845 2140 exodi
2905 2073 3045 2140 for-

631 2164 637 2168 ’
673 2193 779 2238 ma
823 2172 1092 2238 fortasse
1123 2168 1399 2235 nondum
1432 2177 1603 2236 esset
1646 2171 1915 2238 exoleta.
1984 2172 2164 2250 Quae
2208 2192 2346 2238 cum
2390 2173 2482 2239 ita
2519 2173 2663 2252 sint,
2714 2174 2832 2240 has
2876 2172 3044 2240 duas

675 2272 864 2340 exodi
922 2271 1161 2337 formas
1205 2271 1295 2335 ita
1359 2269 1747 2355 distinguere
1789 2272 2001 2356 placet
2063 2279 2131 2338 ut
2170 2273 2345 2339 illam
2403 2273 2722 2341 choricam
2764 2274 3043 2341 exodum

672 2373 1097 2453 nominemus,
1166 2370 1577 2436 recentiorem
1622 2371 1893 2438 exodum
1960 2370 2103 2439 κατ’
2149 2371 2389 2460 ἑξοχῆν
2455 2375 2590 2442 sive
2652 2374 3041 2443 scaenicam.

674 2477 928 2540 Partem
972 2479 1183 2538 autem
1240 2491 1380 2537 esse
1426 2473 1720 2539 choricae
1764 2492 1922 2558 quas
1976 2474 2208 2539 mixtas
2251 2494 2552 2542 vocamus
2593 2476 2933 2544 Persarum
2978 2483 3047 2544 et
3095 2458 3116 2475 ’

682 2573 1096 2642 Eumenidum
1142 2572 1380 2639 exodos
1422 2573 1485 2638 in
1528 2573 1653 2639 fine
1701 2574 1884 2640 huius
1928 2575 2153 2659 capitis
2196 2574 2580 2644 docebimus.

1119 2751 1123 2762 ¹
1201 2794 1267 2887 ἓ.
1320 2798 1389 2870 2.
1464 2787 1642 2869 De
1690 2789 2058 2895 par-odi
2106 2790 2537 2918 notion07

849 2960 949 3025 De
992 2957 1237 3044 parodo
1282 2978 1446 3042 quae
1490 2967 1638 3025 ante
1702 2960 1976 3026 medium
2020 2962 2169 3048 hoc,
2203 2963 2523 3028 saeculum
2568 2966 2858 3050 prolatae
2900 2971 3052 3031 sunt

685 3061 1053 3148 opinionum
1113 3059 1423 3126 rationem
1479 3060 1716 3127 habere
1775 3073 1843 3127 ut
1883 3081 2050 3128 nunc
2089 3064 2406 3148 possimus
2450 3066 2866 3150 supersedere
2913 3066 3047 3132 fac-

687 3172 815 3229 tum
851 3168 960 3229 est
1022 3162 1445 3246 disputatione
1487 3161 1808 3228 Theodori
1852 3163 2083 3229 Kockii
2129 3184 2294 3230 anno
2348 3166 2513 3235 1850
2569 3167 2742 3234 edita
2804 3168 3052 3255 (Ueber

677 3263 789 3364 ‘die
834 3262 1118 3330 Parodos
1184 3262 1296 3328 der
1352 3283 1446 3347 gr.
1489 3263 1748 3348 Trag.);
1819 3263 1923 3348 qui
1983 3285 2365 3349 quamquam
2429 3286 2547 3333 nec
2610 3288 2688 3333 ea
2746 3289 2873 3352 qua
2925 3289 3050 3356 par

686 3372 824 3433 erat
865 3363 1197 3448 diligentia
1219 3363 1650 3430 Aristoteliam
1697 3365 2122 3431 definitionem
2168 3366 2592 3434 consideravit
2634 3376 2698 3434 et
2727 3368 2791 3434 in
2835 3368 3047 3437 termi-

686 3487 803 3533 nos
846 3464 1072 3552 parodi
1116 3464 1470 3530 accuratius
1514 3465 1828 3548 inquirere
1870 3467 2110 3548 omisit,
2174 3475 2384 3533 tamen
2441 3476 2829 3535 caeterorum
2870 3469 3049 3542 testi·

687 3566 916 3635 moniis
961 3565 1280 3648 congestis
1337 3565 1946 3651 diligentissimeque
2012 3567 2390 3634 examinatis
2454 3575 2517 3635 et
2580 3570 2826 3654 origine
2868 3570 3048 3636 vocis

690 3668 1009 3754 explicata
1050 3664 1369 3732 notionem
1432 3667 1657 3750 parodi
1716 3668 1772 3734 si
1814 3688 1941 3734 non
1997 3675 2192 3735 totam
2235 3668 2563 3754 patefecit,
2638 3675 2707 3736 at
2757 3670 3047 3756 proxime

839 3950 901 4019 1)
944 3947 1253 4005 Comoedia
1286 3963 1514 4020 graeca,
1550 3947 1610 4004 id
1649 3948 1800 4020 quod
1835 3949 2135 4005 tenendum
2158 3948 2393 4015 videtur,
2428 3947 2574 4005 hanc
2611 3950 2778 4007 exodi
2811 3948 3048 4008 formam

691 4037 1020 4108 saepissime
1057 4035 1305 4093 exhibuit
1363 4036 1767 4110 (Myriantheus
1805 4036 2058 4094 Marschl.
2096 4040 2188 4108 94)
2243 4039 2325 4094 ita
2375 4043 2437 4094 ut
2488 4054 2824 4111 anonymus,
2882 4053 3048 4112 quem

692 4126 986 4183 Aristoteli
1044 4127 1433 4183 auctoritatem
1498 4133 1749 4183 secutum
1808 4127 1989 4184 videri
2044 4134 2295 4195 constat,
2352 4129 2436 4185 sic
2494 4125 2750 4185 definiret
2808 4131 3048 4187 exodum

695 4217 771 4286 (J.
811 4216 1036 4273 Cramer
1072 4215 1355 4274 Aneodot.
1394 4216 1552 4272 Paris
1589 4218 1647 4287 Ι,
1694 4218 1854 4285 405)=
1911 4214 2109 4279 ἔξοδός
2143 4216 2264 4271 ἐστι
2315 4213 2375 4272 τὸ
2414 4215 2513 4272 ἐπὶ
2557 4220 2701 4273 τέλει
2736 4219 3050 4292 λεγόμενον

695 4305 799 4360 τοῦ
826 4310 1033 4378 χοροῦ.
1104 4305 1297 4376 Atque
1345 4305 1514 4361 etiam
1548 4306 1781 4362 Plautus
1825 4312 1883 4363 et
1915 4304 2213 4362 Terentius
2271 4307 2451 4363 exitus
2499 4305 2811 4364 fabularum
2860 4309 3052 4382 lyricis

695 4394 886 4451 metris
922 4399 1376 4465 composuerunt,
1428 4395 1611 4466 quode
1649 4393 1911 4452 conferas
1945 4394 2244 4451 Clu-istium
2292 4395 2665 4466 disputantem
2714 4397 2772 4453 in
2809 4398 3052 4457 Paraca-

694 4483 887 4555 taloge
929 4484 1060 4554 (92)
1099 4484 1247 4542 40²⁴.
