3267 5450
924 485 972 549 ἓ.
1015 486 1066 541 3.
1106 480 1192 538 De
1231 483 1550 555 symmetria
1588 483 1905 541 mensurali.
2474 524 2476 531 <
2515 470 2600 555 49

400 649 704 734 Reliquos
779 671 929 716 vero
1009 654 1120 737 qui
1195 630 1344 717 vera
1407 652 1804 738 aquosa-enda
1855 660 2098 719 censent
2150 656 2608 741 qualiacunque

233 757 380 815 sunt
459 771 538 815 ne
597 751 818 834 pigeat
874 753 1060 816 velim
1129 753 1372 815 aridum
1450 753 1651 817 solum
1709 772 2010 837 perarare-
2066 774 2341 820 mecum:
2407 758 2606 822 multa

238 851 627 935 conspicient
657 871 820 932 quae
850 853 941 915 ita
967 871 1036 916 se
1064 852 1298 917 habent
1326 862 1540 917 utnon
1580 873 1733 917 casu
1761 853 1931 918 facta
1961 873 2101 919 esse
2147 856 2353 939 putari
2395 857 2605 942 liceat,

237 951 371 1016 sive
453 970 532 1015 ea
605 954 1032 1034 symmetriam
1101 973 1345 1017 mecum
1424 973 1614 1017 voces
1685 953 1820 1017 sive
1894 954 2079 1019 aliter
2138 955 2608 1021 denominanda

236 1050 583 1116 arbitreris,
674 1052 928 1137 Eidem,
976 1060 1042 1116 ut
1087 1073 1307 1136 spero,
1354 1054 1653 1118 maiorem
1702 1054 1802 1117 his
1846 1055 2033 1118 rebus
2076 1054 2263 1120 fidem
2310 1056 2604 1141 tribuent,

238 1152 290 1214 si
351 1152 806 1231 intellexerint,
875 1152 939 1215 id
997 1153 1165 1236 quod
1233 1153 1441 1218 adhuc
1508 1155 1866 1235 ignoratur,
1939 1156 2402 1220 concinniorem
2461 1174 2606 1221 esse

237 1257 613 1315 structuram
659 1250 1013 1316 fabularum
1039 1252 1538 1335 Aeschylearum
1578 1273 1766 1337 quam
1790 1253 2310 1337 Sophoclearum,
2357 1256 2604 1340 Sopho·

237 1351 515 1416 clearum
561 1371 748 1444 quam
795 1352 1311 1435 Euripidearum,
1372 1353 1522 1434 quia
1578 1352 1633 1416 is
1690 1361 1788 1418 est
1844 1356 2048 1419 omnis
2103 1356 2258 1419 artis
2304 1355 2609 1421 decursus

237 1457 505 1515 naturae
549 1452 933 1516 conveniens
986 1460 1053 1517 ut
1096 1472 1135 1516 a
1180 1452 1404 1535 rigidis
1471 1454 1553 1517 ad
1611 1451 1877 1536 pulchra
1932 1460 1995 1518 et
2036 1474 2075 1517 a
2134 1455 2418 1537 pulchris
2460 1461 2608 1521 ante

216 1551 318 1615 'ad
364 1551 585 1617 mollia
627 1559 986 1615 transeatur
1027 1570 1213 1635 quam
1258 1558 1395 1616 tota
1438 1571 1542 1616 ars
1587 1551 1937 1617 collabitur.
2006 1554 2135 1618 Sed
2179 1553 2259 1618 de
2304 1555 2606 1638 Aeschyli

241 1659 484 1716 tantum
533 1652 766 1717 fabulis
813 1653 935 1717 ho‘c
976 1654 1118 1718 loco
1164 1671 1478 1735 cxponere
1523 1652 1798 1733 decrevi,
1841 1673 1966 1718 non
2011 1653 2200 1719 modo
2232 1654 2397 1737 quod
2442 1654 2606 1720 ratio

238 1760 453 1819 monet
497 1754 827 1836 temporis,
897 1754 1011 1817 sed
1056 1753 1245 1817 etiam
1305 1753 1454 1837 quia
1496 1754 1589 1818 sic
1647 1753 1944 1837 progredi
1988 1752 2385 1819 utilissimum
2434 1753 2608 1820 vide-

239 1855 445 1919 batur.
536 1853 847 1931 Quoniam
894 1855 1060 1918 enim
1107 1854 1459 1938 Sophocles
1519 1864 1581 1918 et
1623 1852 1963 1938 Euripides
2019 1854 2487 1921 severissimam
2532 1855 2605 1919 il·

241 1956 366 2020 lam
414 1953 719 2036 Aeschyli
767 1954 1289 2036 compositionem
1334 1974 1458 2033 non
1506 1955 1739 2036 ubique
1783 1954 2188 2035 retinuerunt,
2234 1954 2423 2020 facile
2466 1953 2607 2038 quis

236 2054 472 2120 dixerit
508 2074 661 2118 casu
704 2053 878 2118 facta
922 2073 1064 2119 esse
1092 2074 1254 2138 quae
1299 2062 1515 2120 nostro
1547 2054 1781 2120 iudicio
1827 2056 1890 2119 in
1935 2055 2153 2121 borum
2179 2054 2415 2120 fabulis
2445 2054 2606 2139 pris-

237 2176 375 2221 cam
425 2155 600 2219 illam
647 2161 1020 2217 structuram
1066 2154 1373 2235 redolent,
1419 2154 1482 2219 id
1509 2155 1678 2237 quod
1725 2155 1777 2218 si
1817 2155 1954 2219 sola
1980 2155 2281 2238 Aeschyli
2314 2154 2607 2220 dramata

237 2256 783 2340 pei-lustrabimus,
826 2253 959 2318 fieri
1005 2273 1128 2318 non
1176 2274 1364 2338 posse
1407 2256 1519 2319 tibi
1574 2274 1818 2319 mecum
1863 2254 2296 2339 persuadebis.
2385 2255 2481 2320 Ac
2524 2274 2607 2320 ne

237 2358 299 2422 in
347 2354 807 2423 constituendis
849 2373 1142 2419 versuum
1200 2355 1475 2419 numeris
1520 2356 1685 2419 iusto
1744 2356 2076 2420 violentior
2134 2354 2328 2419 fuisse
2373 2373 2609 2438 arguar

238 2457 653 2523 fundamento
710 2474 858 2520 usus
915 2475 1052 2518 sum
1114 2456 1461 2519 novissima
1518 2455 1795 2521 editione
1839 2453 2340 2520 Kirchhoffiana.
2381 2540 2384 2541 ⁷
2426 2454 2608 2531 Quae

237 2558 298 2621 in
347 2557 475 2621 bac
536 2563 681 2620 sunt
735 2555 1041 2619 adnotata
1106 2555 1328 2639 repetii
1387 2557 1449 2619 in
1508 2555 2026 2621 adnotationibus
2087 2554 2168 2619 ad
2213 2555 2465 2619 tabulas
2513 2554 2608 2620 eis

235 2663 479 2722 tantum
524 2656 680 2720 locis
724 2656 1190 2739 praetermissis
1237 2675 1314 2719 ac
1357 2655 1666 2739 neglectis
1712 2657 1817 2741 qui
1877 2657 1958 2721 ab
2002 2655 2145 2741 ipso
2190 2661 2444 2720 auctore
2489 2653 2604 2718 ali·

237 2766 331 2823 ter
377 2756 797 2837 constituendi
844 2757 1102 2822 iudicati
1148 2766 1310 2821 sunt.
1371 2758 1585 2822 Pauca
1618 2757 1957 2821 adicienda
2000 2756 2394 2837 videbantur,
2441 2774 2605 2838 quae

235 2858 546 2943 inspicias
592 2857 809 2936 velim,
854 2858 908 2921 si
952 2877 1137 2940 quem
1181 2877 1504 2922 numerum
1551 2858 1779 2922 salsum
1823 2858 2166 2922 tradidisse
2205 2857 2320 2922 tibi
2363 2856 2605 2925 videar.

240 2960 441 3025 Venia
477 2957 753 3041 ⁷denique
816 2957 1092 3040 petenda
1149 2964 1276 3040 est,
1343 2958 1393 3022 si
1453 2978 1615 3040 quae
1661 2978 1701 3021 a
1745 2977 1844 3022 me
1902 2965 2081 3022 erunt
2135 2957 2432 3040 ignorata
2498 2961 2608 3020 aut

236 3060 403 3125 falso
452 3057 808 3124 constituta.
894 3058 1076 3123 Haec
1120 3043 1603 3141 reprehendenti
1670 3057 2133 3141 corrigentique
2189 3055 2435 3121 censori
2481 3074 2607 3121 non

236 3160 582 3243 obloquar,
648 3156 988 3222 dummodo
1026 3176 1105 3221 ne
1164 3158 1526 3243 opinionem
1573 3165 1854 3222 nostram
1898 3159 2020 3222 hac
2063 3176 2130 3222 re
2174 3157 2605 3221 labefactasse

236 3279 306 3325 se
353 3268 417 3324 et
464 3258 840 3323 convellisse
884 3257 1210 3341 glorietur.
1266 3258 1383 3323 His
1426 3258 1801 3342 praemissis
1845 3257 1928 3322 ad
1966 3256 2359 3341 propositum
2387 3255 2609 3321 redeat

236 3359 606 3445 disputatio.

403 3458 606 3525 Tertii
650 3458 842 3541 igitur
896 3458 1180 3541 generis,
1250 3458 1395 3522 hoc·
1428 3465 1526 3522 est
1579 3457 1985 3540 symmetriae
2043 3456 2422 3521 mensuralis
2476 3462 2607 3521 tres

238 3561 630 3646 principales
688 3565 834 3624 sunt
874 3559 1150 3643 species:
1220 3578 1348 3622 una
1390 3558 1678 3622 versibus
1725 3558 2078 3622 continetur
2121 3556 2305 3620 unius
2352 3555 2606 3637 actoris,

238 3664 444 3729 altera
490 3662 554 3726 in
599 3660 885 3725 versibus
948 3658 1211 3723 duorum
1258 3665 1539 3722 actorum
1585 3657 1672 3721 ita
1718 3657 1931 3743 posita
1974 3664 2071 3722 est
2115 3662 2180 3720 ut
2216 3655 2299 3720 ab
2343 3661 2607 3739 utroque

240 3785 456 3831 eorum
503 3764 750 3827 alterna
810 3762 947 3825 vice
988 3760 1157 3824 idem
1214 3779 1508 3824 versuum
1564 3777 1860 3822 numerus
1907 3757 2279 3822 effundatur.
2365 3755 2610 3819 Harum

242 3872 506 3947 utraque
553 3868 663 3926 aut
706 3861 975 3945 simplex
1021 3867 1232 3943 potest
1271 3880 1414 3924 csse
1460 3868 1569 3923 aut
1612 3858 1985 3940 composita.
2071 3855 2287 3919 Tertia
2330 3855 2452 3949 hoc
2495 3854 2606 3917 ha·

241 3965 345 4031 bet
387 3963 679 4048 propium
737 3960 904 4044 quod
961 3980 1084 4024 non
1144 3960 1535 4042 singulorum
1594 3964 1875 4023 actorum
1920 3974 2141 4020 versus
2183 3954 2302 4018 sibi
2347 3972 2606 4037 respon·

243 4065 418 4146 dent,
484 4062 601 4128 sed
653 4060 821 4144 quod
879 4060 1354 4144 complexiones
1411 4078 1705 4124 versuum
1751 4078 1791 4121 a
1835 4055 2080 4121 duobus
2136 4053 2414 4119 tribusve
2467 4053 2606 4136 per·

243 4165 413 4230 sonis
471 4162 862 4248 prolatorum
923 4159 1162 4224 alterae
1219 4178 1409 4244 pares
1471 4178 1735 4224 numero
1787 4163 2082 4222 secuntur
2137 4153 2622 4236 complexiones,

243 4281 539 4332 versuum
584 4262 666 4326 ab
710 4280 834 4326 uno
892 4260 1257 4345 pluribusve
1321 4258 1645 4324 actoribus
1692 4256 2254 4342 pronuntiatorum.

406 4365 688 4430 Primam
718 4368 949 4441 autem,
999 4359 1150 4447 quia
1193 4378 1414 4425 versus
1447 4359 1629 4424 unius
1667 4358 1990 4423 histrionis
2035 4356 2156 4420 sibi
2199 4352 2606 4438 respondent,

243 4467 654 4550 singularem,
700 4462 1063 4541 secundam,
1109 4462 1257 4544 quia
1303 4462 1382 4526 ab
1408 4481 1530 4527 uno
1573 4469 1786 4525 actore
1813 4457 2073 4523 totidem
2108 4454 2448 4519 recitantur
2471 4472 2607 4519 ver-

294 4568 698 4618 oenmicnen,
729 4566 785 4606 de
812 4575 956 4616 comp.
987 4564 1097 4617 epis.
1123 4564 1158 4604 1.
2145 4555 2190 4624 4
