3267 5450
850 551 900 611 §-
942 548 991 602 3.
1032 545 1118 602 De
1158 545 1644 602 coniunctionibus
1681 545 2018 601 dramaticis.
2538 545 2622 611 29

251 715 495 797 φονίας
581 717 834 798 φονίαν
927 711 1180 798 πληγὴν
1261 716 1496 780 τινέτω
1587 716 1721 780 κτλ..
1861 714 2022 779 Tum
2102 714 2396 800 planctus
2483 713 2621 798 ipse

249 809 490 894 incipit.
1832 875 1835 878 ,
2655 842 2661 853 ·

415 912 474 977 8.
522 909 927 993 Choephoron
967 911 1091 978 924
1113 931 1198 975 ss.
1252 917 1400 977 ante
1445 912 1773 977 Stasimum
1831 915 2114 978 tertium:
2172 918 2468 996 quattuor
2508 914 2634 977 ενι--

251 1012 436 1076 metri
478 1010 771 1075 iambici:
840 1009 988 1075 dum
1033 1019 1299 1076 matrem
1345 1011 1428 1076 ad
1473 1019 1739 1079 mortem
1784 1011 1956 1077 ducit
2000 1011 2289 1092 Orestes,
2333 1013 2493 1078 haec
2534 1013 2626 1078 lo-

249 1111 460 1195 quitur
503 1109 935 1193 coryphaeus:
1004 1114 1209 1176 στένω
1250 1105 1382 1195 pei?
1418 1108 1539 1178 οὖν
1580 1116 1695 1177 καὶ
1733 1112 1945 1178 τῶνδε
1987 1113 2347 1198 συμφορὰν
2389 1113 2630 1199 διπλῆν

316 1257 332 1275 .
379 1258 395 1273 .
438 1207 625 1276 τοῦθ’
674 1206 854 1292 ὅμως
896 1207 1381 1293 αἱρούμεθα
1423 1212 1592 1291 κτλ..;
1652 1231 1874 1294 preces
1930 1217 2140 1276 autem
2186 1214 2621 1281 subsecuntur.

416 1310 475 1376 9.
525 1307 928 1393 Choephoron
973 1308 1136 1375 1060
1164 1328 1214 1373 8.
1263 1316 1409 1373 ante
1454 1311 1781 1375 exodium:
1841 1311 1966 1376 duo
2026 1313 2300 1378 trimetri
2340 1311 2626 1377 iambici:

254 1410 510 1473 abeunti
549 1408 757 1474 Oresti
792 1415 860 1472 ut
887 1409 1143 1492 propitii
1189 1409 1316 1473 sint
1358 1409 1462 1474 dei
1498 1416 1639 1476 orat
1666 1411 1842 1476 chori
1877 1410 2035 1476 dux:
2081 1409 2221 1479 ἀλλ’
2267 1410 2629 1495 εὐτυχοίης,

252 1513 370 1573 καί
407 1503 472 1573 σ’
517 1505 905 1574 ἐποπτεύων
946 1508 1273 1593 πρόφρων
1304 1510 1464 1586 θεὸς
1507 1512 1841 1595 φυλάσσοι
1875 1516 2192 1597 καιρίοισι
2227 1518 2629 1596 συμφοραῖς.

418 1609 517 1674 10.
561 1607 983 1673 Eumenidum
1022 1598 1259 1675 30388.
1319 1617 1465 1675 ante
1510 1612 1837 1676 stasimum
1882 1613 2187 1695 primum:
2241 1613 2629 1695 anapaestici

249 1707 554 1773 tredecim
599 1717 661 1772 et
706 1729 863 1773 unus
898 1714 1286 1774 monometer
1333 1710 1400 1791 (5
1426 1714 1646 1795 syst.):
1692 1711 1814 1794 ἄγε
1846 1712 1928 1798 δὴ
1958 1716 2071 1777 καὶ
2101 1711 2307 1795 χορὸν
2338 1709 2630 1796 ἅψωμεν

252 1809 620 1884 exhortatur
663 1808 792 1873 dux
838 1808 1173 1874 choreutas
1219 1829 1603 1894 causamque
1649 1811 1844 1876 adicit
1887 1832 1997 1875 cur
2040 1811 2354 1875 cantaturi
2399 1812 2545 1875 sint.

416 1908 553 1972 Has
601 1909 1073 1975 coniunctiones
1131 1930 1256 1975 non
1322 1910 1508 1974 aliter
1566 1916 1755 1993 atquc
1810 1910 1955 1976 illas
2011 1910 2091 1975 de
2145 1911 2373 1993 quibus
2433 1931 2626 1996 supra

252 2008 488 2074 dictum
541 2016 654 2085 est,
698 2010 847 2092 quia
891 2031 929 2074 a
976 2010 1338 2094 coryphaeo
1377 2011 1585 2079 solent
1610 2011 2001 2094 pronuntiari
2034 2031 2153 2075 nec
2198 2011 2406 2094 magis
2435 2031 2623 2094 quam

252 2128 371 2192 par
432 2115 530 2173 est
584 2118 724 2172 cum
794 2110 1041 2174 cantico
1109 2109 1277 2192 quod
1336 2111 1619 2192 sequitur
1675 2111 2046 2190 cohaerent,
2106 2111 2394 2195 episodio
2451 2117 2624 2177 ante·

253 2207 502 2273 cedenti
543 2208 910 2273 tribuendas
955 2209 1244 2275 arbitror.
1333 2210 1475 2288 Qua
1534 2212 1596 2274 in
1657 2230 1724 2274 re
1780 2229 1905 2275 non
1951 2230 2089 2274 sum
2133 2212 2383 2276 nescius
2426 2212 2628 2276 West·

250 2307 535 2393 phalium
580 2308 644 2373 in
686 2309 1166 2391 Prolegomenis
1224 2310 1331 2391 (53
1355 2311 1472 2392 ss.)
1541 2329 1794 2383 versus,
1828 2310 1973 2375 illos
2036 2312 2483 2393 anapaesticos
2521 2310 2628 2393 ita

251 2409 610 2492 explicasse
654 2415 722 2472 ut
760 2408 1255 2487 introductiones
1284 2428 1394 2474 eos
1425 2409 1669 2473 diceret
1711 2428 1853 2477 esse
1902 2409 2339 2493 integramque
2382 2408 2627 2495 partem

251 2509 550 2574 carminis
597 2508 1056 2592 consequentis.
1141 2508 1307 2586 Quid
1353 2509 1557 2593 ergo?
1633 2509 1929 2574 Trimetri
1974 2509 2066 2573 illi
2112 2511 2366 2576 iambici
2410 2511 2516 2594 qui
2560 2512 2625 2576 in

251 2607 647 2693 Choephoris
681 2609 1081 2673 inveniuntur
1113 2617 1259 2675 ante
1299 2612 1626 2674 stasimum
1656 2610 1904 2674 tertium
1943 2628 2066 2674 non
2097 2609 2334 2675 habent
2358 2614 2625 2677 eandem

206 2725 212 2731 ·
250 2708 375 2774 vim
423 2713 612 2792 atque
656 2709 1063 2794 hypermetra
1106 2711 1523 2795 anapaestica
1569 2709 1916 2792 eodemque
1963 2709 2152 2776 modo
2195 2731 2335 2776 cum
2381 2713 2628 2778 cantico

251 2808 538 2900 sequenti
583 2809 972 2875 cohaerent?
1062 2811 1420 2875 Absurdum
1486 2811 1550 2876 id
1620 2809 1893 2893 quidem.
1982 2810 2432 2876 Excludendae
2484 2819 2631 2877 sunt

249 2908 444 2993 igitur
490 2928 708 2976 omnes
766 2909 831 2974 id
886 2930 1088 2993 genus
1146 2912 1621 2977 coniunctiones
1688 2911 1771 2976 ab
1832 2911 1991 2995 ipsis
2050 2911 2329 2977 canticis.
2417 2913 2517 2975 An
2559 2919 2626 2977 tu

252 3009 582 3074 existimas
647 2999 791 3074 illos
856 3028 1104 3092 quoque
1163 3012 1479 3077 trimetros
1547 3019 1614 3075 ut
1672 3012 1986 3093 integram
2048 3016 2292 3095 partem
2349 3012 2629 3077 stasimis

251 3108 656 3175 adnumerari
700 3108 938 3193 posse?
1023 3109 1160 3176 Nec
1202 3112 1406 3176 minus
1452 3113 1761 3177 refellitur
1823 3111 2038 3194 opinio
2081 3112 2208 3176 ista
2250 3111 2394 3194 ipsa
2437 3112 2622 3176 stasi-

250 3229 493 3275 morum
554 3209 1029 3297 compositione.
1118 3210 1216 3275 Ita
1279 3212 1444 3275 enim
1509 3232 1588 3276 ea
1654 3220 1800 3276 sunt
1867 3217 2226 3276 constructa
2289 3218 2357 3277 ut
2416 3210 2627 3297 ἀρχὴν

253 3312 534 3383 habeant
576 3316 639 3374 et
679 3314 887 3391 μέσον
928 3318 990 3374 et
1030 3310 1338 3396 τελευτὴν
1391 3331 1516 3375 non
1562 3312 1785 3375 habita
1829 3311 2073 3375 ratione
2118 3312 2623 3377 coniunctionum

251 3430 417 3498 quae
469 3408 879 3489 antecedunt3
954 3410 1016 3473 id
1076 3410 1246 3492 quod
1295 3431 1377 3476 ne
1424 3411 1889 3495 Westphalium
1950 3410 2204 3492 quidem
2262 3412 2453 3494 fugit,
2517 3412 2625 3495 qui

253 3517 374 3577 non
422 3516 776 3594 systemata
820 3510 1232 3593 anapaestica
1274 3531 1353 3575 ac
1396 3511 1728 3594 strophas,
1766 3511 1879 3578 sed
1921 3513 2088 3576 solas
2124 3511 2413 3598 strophas
2454 3511 2625 3577 simi·

251 3610 392 3676 liter
456 3615 849 3675 constructas
931 3629 1071 3674 esse
1138 3611 1458 3676 statuebat
1519 3619 1709 3694 atque
1774 3632 2026 3676 nomum
2080 3611 2455 3696 Terpandri.
2542 3613 2626 3676 At

254 3710 417 3776 enim
463 3708 960 3774 introductiones
1003 3716 1146 3774 sunt
1202 3707 1422 3776 versus
1477 3711 1569 3776 illi
1614 3712 2007 3797 anapaestici
2050 3712 2288 3796 pariter
2333 3719 2519 3795 atque
2566 3712 2624 3777 ei

255 3811 357 3894 qui
399 3811 468 3876 in
509 3808 773 3895 parodis
815 3808 1125 3874 canticum
1169 3810 1575 3894 praecedunt.
1650 3812 1902 3893 Fateor,
1943 3811 2058 3876 sed
2100 3812 2288 3882 etiam
2334 3812 2623 3879 coniunc-

253 3911 457 3976 tiones
526 3929 691 3992 quae
755 3915 852 3974 est
914 3928 1129 3973 earum
1194 3917 1422 3975 natura
1479 3919 1624 3976 sunt
1690 3912 2187 3977 introductiones
2243 3919 2307 3977 et
2360 3914 2620 3976 multum

253 4009 515 4075 interest
555 4010 718 4073 inter
760 4008 1026 4073 stasima
1067 4018 1130 4073 et
1171 4010 1470 4094 parodos.
1553 4011 1625 4075 In
1674 4011 1934 4095 parodis
1979 4012 2143 4075 enim
2186 4031 2313 4076 non
2356 4017 2625 4095 possunt

256 4125 393 4175 8888
438 4107 954 4190 introductiones,
998 4110 1148 4192 quia
1172 4116 1321 4174 tunc
1359 4110 1628 4194 primum
1668 4113 1896 4176 chorus
1931 4110 2218 4194 procedit
2244 4112 2621 4195 legitimum—

256 4229 372 4293 que
416 4230 597 4275 suum
641 4210 706 4274 in
749 4209 1075 4274 orchestra
1116 4217 1383 4294 occupat
1424 4211 1652 4278 locum.
1742 4203 2004 4276 Accedit
2056 4211 2228 4276 aliud
2272 4211 2512 4293 aliquid
2556 4212 2621 4289 in

257 4317 627 4392 argumento
670 4295 966 4394 positum,
1009 4309 1178 4393 quod
1223 4311 1375 4376 mihi
1406 4310 1661 4393 quidem
1700 4312 1799 4377 vel
1834 4312 2112 4376 maximo
2154 4318 2469 4376 momento
2504 4319 2620 4378 est.

254 4406 542 4493 Namque
608 4409 670 4474 in
747 4409 1026 4475 stasimis
1105 4427 1300 4494 supra
1377 4413 2009 4478 commonstravimus
2089 4431 2292 4497 aequo
2359 4412 2619 4477 chorum

259 4508 466 4576 animo
508 4528 653 4575 esse
694 4517 986 4596 oportere
1041 4518 1110 4580 ut
1174 4510 1485 4576 canticum
1551 4510 1632 4577 sit
1684 4512 2000 4579 modicum
2052 4533 2131 4579 ac
2182 4519 2619 4597 temperatum.
