3267 5450
687 505 783 570 ¹121
1226 522 1273 562 c.
1311 506 1350 562 1.
1389 505 1475 562 De
1511 505 1848 563 cai-minibus
1883 504 2039 562 chori
2073 503 2495 576 principalibus.

684 664 835 737 nata
893 692 1032 739 esse
1089 693 1293 758 paene
1348 693 1889 758 supervacaneum
1931 680 2030 747 est
2072 694 2456 753 memorare,
2521 662 2817 758 quoniam
2875 670 3044 739 ὅλου

610 833 616 839 .
682 794 809 839 non
852 775 1211 840 universum
1255 776 1589 856 denotare,
1649 775 1770 840 sed
1805 781 2001 840 totum
2050 776 2330 841 clausum
2368 776 2432 840 in
2477 778 2547 840 'se
2591 780 2889 839 constans
2932 791 3042 837 su-

682 895 801 960 pra
845 876 1250 941 ostendimus.
1335 877 1529 942 Falsa
1558 883 1767 942 autem
1797 895 1938 942 esse
1967 876 2216 942 videtur
2253 895 2440 961 quam
2486 874 2807 941 constituit
2830 873 3041 939 West·

683 978 837 1062 phal
881 976 1161 1042 definitio
1205 978 1439 1062 quippe
1500 996 1628 1062 qua
1680 996 1899 1042 omnes
1944 995 2056 1041 eas
2097 975 2376 1061 parodos
2422 994 2582 1059 quas
2626 962 3043 1041 commaticae

684 1083 913 1143 vocant
953 1077 1016 1142 in
1060 1079 1442 1162 parodorum
1485 1097 1744 1144 numero
1788 1078 2019 1144 ducere
2060 1077 2528 1161 prohibeamur.
2614 1076 2729 1141 Est
2779 1075 3043 1161 quidem

682 1177 995 1243 eiusmodi
1038 1182 1314 1264 paro‘dus
1358 1181 1519 1246 lexis
1562 1179 1665 1244 vel
1708 1178 1901 1244 dictio
1946 1179 2046 1244 vel
2088 1177 2299 1261 potius
2326 1177 2512 1258 actio,
2558 1175 2672 1242 sed
2703 1197 2829 1242 non
2857 1174 3041 1242 chori

684 1279 912 1361 solius,
955 1300 1171 1344 verum
1217 1287 1281 1346 et
1321 1281 1497 1347 chori
1541 1288 1605 1346 et
1647 1288 1965 1358 actorum;
2012 1279 2311 1361 quocirca
2352 1298 2478 1344 non
2522 1276 2856 1343 dicendum
2901 1276 3039 1341 fue·

683 1387 784 1445 rat
825 1381 997 1457 λέξις
1041 1378 1154 1463 ὅλη
1200 1387 1429 1465 χοροῦ,
1486 1381 1600 1445 sed
1653 1381 1823 1456 λέξις
1868 1376 1987 1463 ὅλη
2029 1387 2235 1464 χοροῦ
2278 1377 2311 1462 ἢ
2358 1380 2562 1462 χοροῦ
2604 1401 2676 1443 τε
2720 1383 2831 1442 καὶ
2871 1373 3039 1442 ὕπο·

685 1488 937 1563 κριτῶν.
1023 1480 1186 1544 Nam
1253 1480 1420 1563 quod
1488 1481 1665 1546 aiunt
1719 1480 2006 1563 regulam
2056 1498 2182 1543 non
2242 1498 2459 1545 carere
2521 1477 3038 1562 exceptionibus:

683 1585 775 1645 tot
822 1585 966 1645 sunt
1006 1581 1069 1644 in
1114 1580 1417 1664 Sophocli
1463 1588 1524 1646 et
1565 1580 1887 1665 Euripidis
1931 1579 2164 1645 fabulis
2227 1578 2293 1644 id
2345 1599 2545 1663 genus
2600 1577 2825 1664 parodi
2870 1584 2938 1643 ut
2978 1577 3040 1642 si

687 1681 827 1776 quis
872 1700 950 1746 ea
992 1681 1234 1747 ratione
1280 1702 1411 1747 rem
1454 1681 1757 1765 expedire
1800 1687 2087 1758 conetur,
2144 1680 2201 1745 is
2241 1699 2497 1765 prorsus
2541 1700 2581 1746 a
2624 1680 3040 1764 probabilita-

689 1783 769 1847 tis
814 1782 1027 1866 specie
1071 1782 1379 1849 decedere
1422 1781 1878 1848 existimandus
1922 1782 2021 1847 sit.

851 1883 1145 1951 Refutata
1209 1903 1397 1967 quam
1443 1883 1775 1966 Westphal
1828 1881 2156 1967 proposuit
2208 1881 2649 1961 emendatione
2694 1883 2778 1946 ad
2821 1881 3042 1966 pristi-

689 2004 833 2048 nam
876 1986 1247 2069 scripturam
1295 1985 1683 2051 redeundum
1732 1989 1845 2048 est.
1930 1982 2259 2047 Habemus
2314 1983 2535 2066 igitur.
2598 1979 2823 2067 πρώτη
2867 1985 3045 2059 λέξις

564 2169 569 2174 .
680 2084 846 2150 «ὅλου
889 2091 1113 2199 χοροῦ.
1201 2085 1379 2162 Quae
1432 2085 1660 2166 verba,
1714 2084 1767 2149 si
1813 2081 1970 2151 ὅλου
2015 2083 2463 2168 praeterimus,
2529 2084 2842 2167 quadrare
2883 2082 3042 2148 mihi

685 2186 977 2252 videntur
1033 2186 1095 2250 in
1163 2184 1650 2271 descriptionem
1706 2205 1786 2252 ex
1838 2185 1997 2269 ipsis
2053 2183 2401 2291 tragoediis
2463 2192 2809 2268 sumptam,
2874 2203 3043 2268 quae

689 2286 848 2352 haec
891 2293 1016 2352 est:
1085 2293 1148 2352 et
1190 2306 1403 2352 merae
1445 2286 1672 2371 parodi
1717 2292 1781 2351 et
1824 2305 1939 2352 eae
1984 2304 2148 2369 quae
2173 2285 2431 2351 mixtae
2476 2284 2764 2350 videntur
2805 2276 3043 2350 rectius

684 2388 898 2453 vocari
944 2407 1131 2471 quam
1177 2389 1587 2453 commaticae
1631 2392 1846 2471 partes
1888 2393 2032 2452 sunt
2069 2386 2542 2469 tragoediarum
2585 2406 2824 2469 eaeque
2867 2392 3044 2452 totae

686 2488 750 2553 in
792 2489 1017 2572 quibus
1062 2488 1290 2554 chorus
1333 2494 1442 2553 aut
1484 2489 1658 2554 solus
1702 2493 1811 2553 aut
1852 2487 1990 2553 vice
2034 2487 2280 2552 alterna
2343 2505 2479 2552 cum
2525 2486 2844 2553 actoribus
2888 2506 3043 2552 can-

686 2595 811 2670 tat,
878 2609 1324 2673 nonnunquam
1391 2590 1581 2655 etiam
1638 2588 1931 2671 loquitur.
2020 2586 2417 2675 Quamquam
2472 2608 2599 2654 non
2667 2587 3041 2672 negaverim

687 2690 1160 2778 angustioribus
1203 2689 1433 2786 finibus
1476 2690 1604 2756 vim
1646 2690 1872 2776 paredi
1917 2707 2061 2756 esse
2105 2689 2671 2774 circumscriptam,
2735 2689 2887 2774 quia
2947 2689 3043 2755 hi·
3133 2700 3137 2704 *

688 2792 991 2857 strionum
1063 2792 1331 2858 actionis
1404 2777 1543 2857 cum
1608 2792 1782 2857 chori
1828 2793 2078 2857 iunctae
2122 2792 2356 2856 mentio
2398 2811 2522 2857 non
2566 2788 2654 2855 fit.
2740 2794 2824 2855 At
2864 2791 3045 2880 nullo

687 2892 876 2958 modo
922 2894 1116 2958 verba
1159 2893 1533 2959 Aristotelia
1573 2894 1667 2958 ita
1706 2892 1998 2958 videntur
2041 2910 2231 2975 posse
2274 2892 2579 2976 explicari
2623 2898 2691 2957 ut
2731 2912 2872 2958 cum
2914 2898 3043 2957 tra-

688 2993 938 3076 goediis
993 3012 1156 3078 quae
1222 3001 1559 3077 supersunt
1619 2994 1707 3058 ad
1766 2994 2069 3058 amussim
2112 2993 2489 3076 conspirent.
2574 2992 2703 3059 Sed
2747 2999 2883 3057 utut
2925 2998 3043 3073 est,

634 3143 639 3154 ,
689 3112 876 3176 quam
919 3113 1035 3160 nos
1078 3092 1450 3178 protulimus
1493 3094 1802 3159 rationem
1846 3093 2153 3177 aptiorem
2199 3112 2339 3160 esse
2380 3093 2489 3158 vix
2542 3092 2902 3175 negandum
2949 3093 3043 3158 vi·

688 3192 870 3259 detur
926 3192 1009 3258 ad
1051 3192 1510 3270 {removendum
1569 3193 1739 3277 quod
1802 3193 2063 3261 interest
2118 3194 2280 3258 inter
2332 3194 2531 3259 verba
2571 3193 2937 3279 philosophi
2980 3200 3048 3259 et

692 3302 1019 3380 poetarum
1065 3313 1279 3378 opera.

853 3395 1244 3477 Relinquitur
1284 3392 1364 3460 de
1408 3413 1565 3460 voce
1610 3393 1790 3460 ὅλου.
1878 3393 2128 3459 Certum
2182 3394 2435 3478 quidem
2499 3414 2624 3459 non
2683 3395 2888 3460 haheo
2944 3415 3044 3461 re-

689 3514 1023 3579 sponsum,
1091 3495 1156 3560 in
1199 3502 1378 3560 tanta
1419 3502 1629 3560 tamen
1661 3496 1767 3561 arei
1809 3495 2221 3579 ambiguitate
2254 3495 2360 3560 xiix
2404 3496 2743 3580 vituperari
2786 3495 3042 3581 poterit,

638 3595 642 3599 ’
689 3595 745 3660 si
789 3595 1184 3661 coniecturae
1249 3598 1428 3662 locus
1494 3597 1764 3663 dabitur.
1849 3596 2068 3662 Placet
2120 3596 2310 3679 igitur
2363 3596 2458 3662 sie
2514 3597 2835 3680 explicare
2881 3593 3044 3662 ὅλου

687 3702 892 3780 χοροῦ
939 3703 1004 3760 ut
1049 3695 1206 3762 ὅλου
1251 3717 1376 3761 non
1421 3696 1690 3780 singulis
1734 3696 2021 3775 vocibus,
2064 3696 2178 3762 sed
2223 3697 2490 3780 singulis
2536 3697 2712 3763 chori
2754 3697 3045 3781 partibus

688 3798 1047 3881 oppositum
1091 3796 1518 3864 existimemus
1559 3797 1853 3879 idemque
1896 3800 2111 3863 valere
2154 3804 2444 3882 putemus
2489 3796 2644 3864 ὅλου
2689 3806 2891 3882 χοροῦ
2948 3803 3045 3862 at-

688 3918 810 3982 que
865 3899 1038 3964 chori
1096 3899 1373 3963 nondum
1427 3897 1636 3962 divisi.
1722 3897 1802 3962 Et
1857 3917 1971 3981 pro
2014 3899 2197 3963 nobis
2241 3906 2339 3964 est
2380 3898 2553 3964 chori
2599 3900 2782 3962 ratio.
2869 3897 3042 3964 Con-

690 4005 818 4064 stat
859 3999 1025 4063 enim
1070 4018 1231 4080 eum,
1275 4005 1607 4083 postquam
1650 4017 1839 4063 unum
1882 3998 2246 4083 plerumque
2276 3999 2331 4083 ¹)
2375 4018 2604 4084 eorpus
2647 3996 2934 4064 efficiens
2976 3997 3045 4063 in

3067 2947 3095 2994 Q

834 4233 893 4303 1)
930 4232 1308 4302 Exceptiones
1353 4230 1581 4301 (Pollux
1615 4231 1712 4299 IV,
1752 4232 1885 4290 109·
1926 4229 2049 4286 ἔσθ’
2071 4228 2167 4286 ὅτε
2207 4232 2273 4287 δὲ
2311 4235 2407 4286 καὶ
2443 4231 2570 4286 καθ’
2597 4231 2697 4286 ἕνα
2734 4231 3042 4288 ἐποιοῦντο

687 4319 791 4390 τὴν
809 4317 1128 4394 πάροδον),
1171 4335 1317 4392 quae
1358 4320 1609 4391 regulam
1648 4335 1759 4375 non
1794 4319 2003 4375 irritam
2040 4319 2269 4385 faciunt,
2311 4337 2422 4376 non
2462 4328 2594 4377 sunt
2630 4321 2783 4389 apud
2821 4320 3037 4393 Aschy·

689 4412 800 4466 lum
839 4417 898 4467 et
934 4409 1272 4479 Sophoclem
1322 4411 1432 4465 nisi
1471 4411 1527 4464 in
1565 4408 1790 4480 Septem
1829 4414 1888 4464 et
1925 4408 2142 4479 Oedipo
2181 4411 2445 4467 Colonen.
2518 4411 2655 4465 Nam
2694 4410 2751 4464 in
2785 4410 3043 4466 Eumeni-

688 4501 854 4556 dibus
888 4515 1004 4555 non
1040 4499 1095 4554 in
1133 4498 1347 4569 parodo
1385 4494 1685 4571 σποράδην
1721 4497 1989 4555 incedunt
2021 4498 2346 4566 choreutae,
2387 4499 2491 4554 sed
2527 4501 2586 4556 in
2621 4479 2953 4569 epiparodo.
