3267 5450
735 484 786 547 5.
823 482 875 539 5.
948 480 1037 536 De
1074 476 1335 556 rhythmo
1372 478 1685 541 dramatico
1721 478 2005 542 nonnulla,
2479 481 2563 554 75

1327 811 1342 828 .
1398 759 1477 831 5,

417 897 602 977 De
649 897 1140 1002 rhythmo
1189 754 1757 978 dfiamatieo
1806 896 2314 978 nonnulla.

350 1050 691 1115 Debebam
744 1049 982 1116 addere
1040 1050 1356 1133 quomodo
1413 1051 1710 1134 rhythmo
1781 1051 2070 1117 adhibito
2143 1035 2565 1117 commutatae

191 1157 407 1214 essent
440 1151 922 1234 tragoediarum
954 1152 1382 1235 symmetriae.
1447 1151 1576 1216 Sed
1610 1150 1920 1235 longioris
1963 1152 2028 1216 id
2071 1157 2241 1218 esset
2282 1151 2569 1234 scriptio-

191 1249 322 1330 nis3
370 1270 647 1334 cumque
688 1249 998 1315 rationem
1042 1251 1178 1316 eius
1219 1252 1314 1317 rei
1356 1253 1632 1317 nondum
1665 1252 2130 1339 perspexerim,
2175 1250 2332 1317 satis
2361 1251 2580 1316 habeo-

194 1350 355 1416 haec
398 1351 533 1418 duo
576 1352 826 1417 adferre
870 1351 1200 1437 exempla:

363 1452 661 1518 Alterum
716 1458 890 1516 extat
942 1451 1007 1516 in
1076 1450 1458 1533 Ghoephoris
1511 1451 1619 1516 ubi
1676 1452 1853 1538 prius
1910 1451 2456 1537 Clytaemnestrae
2508 1458 2573 1518 et

193 1548 466 1617 Orestae
513 1552 891 1636 colloquium
937 1552 1328 1636 (649-699)
1389 1551 1557 1618 hanc
1613 1552 1873 1619 exhibet
1927 1573 2222 1619 versuum
2268 1552 2571 1625 distribu-

191 1650 462 1717 tionem:

1059 1752 1138 1819 K
1214 1752 1266 1817 Ο
1347 1752 1426 1818 Κ
1506 1752 1558 1817 Ο
1646 1752 1732 1819 Κ.

1081 1854 1124 1922 6
1207 1854 1285 1923 17
1380 1853 1421 1921 9
1520 1853 1561 1922 7
1647 1854 1729 1921 12
1779 1892 1792 1899 -

354 1952 486 2018 Hic
541 1952 595 2017 si
652 1951 810 2019 nihil
865 1952 1040 2017 aliud
1096 1952 1275 2038 sequi
1319 1953 1788 2039 concupivisset
1829 1958 2023 2037 poeta
2064 1972 2253 2034 quam
2297 1971 2568 2037 symme-

191 2053 411 2137 triam,
460 2053 545 2117 ad
589 2053 755 2118 hanc
795 2073 1083 2119 normam
1125 2053 1374 2119 videtur
1416 2073 1639 2119 versus
1684 2053 1882 2119 fuisse
1926 2054 2378 2120 collocaturus:

590 2142 595 2147 ’
1071 2152 1150 2219 Κ
1228 2153 1283 2219 0
1357 2153 1433 2218 Κ
1513 2153 1565 2218 Ο
1643 2155 1729 2220 Κ.

1083 2253 1125 2320 9
1211 2254 1292 2320 12
1377 2255 1418 2323 9
1502 2255 1582 2321 12
1665 2256 1707 2323 9

361 2353 799 2419 Pulchriorem
843 2352 1035 2436 igitur
1077 2353 1385 2438 reddidit,
1430 2361 1498 2420 ut
1536 2353 1690 2419 mihi
1735 2353 1987 2437 quidem
2032 2354 2306 2435 videtur,
2344 2354 2571 2418 .collo-

199 2453 328 2536 quii
385 2459 766 2518 structuram
812 2453 1109 2538 rhythmo
1165 2454 1258 2518 ita
1300 2474 1452 2519 usus
1495 2462 1564 2520 ut
1604 2456 1809 2538 primo
1855 2453 2400 2537 Clytaemnestrae
2442 2472 2571 2516 ser-

199 2553 373 2618 moni
420 2553 711 2638 demptos
749 2559 880 2619 tres
923 2555 1274 2620 versiculos
1317 2555 1538 2619 ultimo
1582 2553 1867 2620 eiusdem
1914 2553 2180 2619 adderet
2201 2553 2575 2635 Orestisque

196 2654 427 2738 viginti
493 2660 788 2736 quattuor
840 2673 1063 2720 versus
1128 2654 1191 2718 iu
1255 2654 1533 2742 impares
1588 2654 1753 2721 duas
1797 2653 2120 2721 divideret
2176 2660 2426 2738 partes:
2490 2652 2570 2718 cf.

201 2775 365 2837 quae
411 2775 607 2840 supra
648 2754 781 2819 dixi
826 2755 946 2819 sub
990 2755 1175 2821 litora
1217 2755 1288 2819 F.

367 2856 712 2921 consimile
755 2854 1020 2920 alterum
1063 2863 1161 2920 est
1203 2857 1563 2939 exemplum
1605 2855 1778 2938 quod
1819 2854 1883 2918 in
1912 2851 2361 2919 Eumenidibus
2401 2851 2575 2918 inve·

196 2956 370 3021 ‘nitur
432 2956 546 3021 illo
608 2956 750 3021 loco
808 2974 938 3036 quo
978 2955 1350 3038 religionem
1393 2955 1842 3038 interpretatur
1884 2956 2116 3038 Apollo
2161 2952 2575 3035 Orestemque

201 3055 493 3122 defendit
540 3056 842 3139 (604ss.).
925 3056 1026 3120 Ibi
1070 3056 1237 3121 enim
1280 3056 1443 3121 inter
1465 3055 1824 3140 Apollinem
1859 3061 1921 3120 et
1952 3055 2211 3120 chorum
2237 3055 2360 3120 hoc
2385 3052 2578 3119 modo

203 3155 526 3221 distributi
569 3175 790 3220 versus
831 3162 1006 3223 sunt:
1907 3213 1914 3220 .
2485 3153 2498 3162 '

868 3254 1915 3321 A¹XA‘XA‘XA‘.

890 3357 933 3423 8
1055 3356 1097 3422 3
1182 3356 1261 3421 15
1366 3357 1409 3422 4
1512 3355 1555 3421 8
1680 3357 1721 3421 5
1806 3356 1885 3422 17

371 3454 620 3539 Quodsi
680 3475 806 3520 non
863 3455 1111 3519 videtur
1155 3474 1348 3538 posse
1394 3454 1671 3518 dubitari
1715 3454 1866 3536 quin
1908 3473 1949 3518 a
1993 3452 2305 3538 principio
2349 3452 2473 3517 hoc
2512 3452 2579 3516 in

207 3554 410 3620 oculis
456 3560 684 3638 poetae
727 3555 1131 3620 obversatum
1175 3555 1260 3618 sit
1301 3554 1595 3618 schema:
2553 3545 2560 3550 ’

866 3653 1913 3735 Α’ΧΑ’ΧΑ’ΧΑ’,

894 3755 937 3821 8
1041 3757 1082 3820 4
1168 3754 1247 3821 16
1357 3755 1399 3818 4
1498 3755 1542 3821 8
1667 3757 1708 3818 4
1817 3753 1898 3820 16

210 3851 479 3917 variatis
523 3871 818 3918 versuum
862 3854 1160 3935 numeris,
1206 3852 1270 3917 id
1315 3861 1414 3918 est
1454 3852 1752 3937 rhythmo
1790 3851 2077 3917 adhibito
2104 3849 2581 3935 dispositionem

172 3996 177 4002 -
211 3951 450 4017 factam
493 3971 636 4018 esse
679 3953 1088 4019 confiteamur
1130 3973 1390 4019 necesse
1438 3963 1535 4018 est
1576 3952 2033 4018 venustiorem:
2093 3951 2175 4016 cf.
2220 3968 2385 4033 quae
2435 3968 2580 4035 pro-

211 4052 324 4116 tuli
370 4051 490 4117 sub
532 4052 717 4117 litera
759 4054 830 4117 F.
1516 4043 1541 4066 ¹⁸

376 4151 600 4233 Neque
641 4172 793 4217 vero
823 4153 1012 4217 etiam
1057 4152 1163 4217 hic
1204 4173 1330 4218 non
1363 4153 1629 4219 deerunt
1678 4151 1786 4233 qui
1815 4156 2065 4215 auctam
2108 4148 2406 4233 rhythmo
2441 4167 2584 4213 esse

215 4258 450 4334 negent
504 4252 909 4334 symmetriae
968 4252 1417 4318 iucunditatem
1475 4253 1710 4337 quippe
1764 4269 1928 4333 quae
1986 4249 2229 4314 aurium
2283 4249 2421 4314 acie
2473 4267 2582 4312 ne·

218 4357 408 4432 queat
449 4352 688 4416 sentiri.
776 4351 1021 4429 Quibus
1078 4359 1144 4416 ut
1199 4351 1618 4436 persuadeam
1685 4349 1821 4415 fore
1880 4350 1988 4413 vix
2039 4349 2245 4414 ausim
2302 4367 2583 4432 sperare,

218 4469 431 4519 verum
474 4471 555 4520 ne
603 4450 909 4523 audacius
954 4451 1374 4543 obloquantur
1415 4470 1624 4542 pauca
1667 4449 1988 4542 proferam
2032 4467 2196 4541 quae
2238 4448 2583 4539 respician-
