3267 5450
708 521 756 584 §.
794 519 846 575 4.
921 512 1007 571 De
1050 518 1270 574 scaenis
1307 533 1745 588 scaenarumque
1779 516 2084 588 particulis.
2477 519 2561 589 37

206 703 477 750 scaenas
522 686 856 769 generales
901 685 1296 770 dispertitur,
1364 707 1627 771 quarum
1674 690 1876 753 altera
1921 709 2000 754 ex
2042 710 2187 770 una,
2234 690 2436 755 altera
2479 711 2559 755 ex

204 786 404 850 tribus
448 786 697 851 scaenis
752 786 1178 870 peculiaribus
1222 796 1486 855 constat.
1570 788 1790 854 Prima
1844 810 1994 855 vero
2038 810 2271 856 scaena
2311 828 2395 838 —-
2436 792 2559 858 847

206 886 498 970 Aegisthi
523 907 662 953 cum
688 890 879 957 choro
911 892 1224 974 colloquio
1250 892 1616 972 continetur,
1641 892 1914 956 secunda
1934 929 2013 940 —
2036 891 2178 972 877,
2208 913 2370 975 quae
2389 893 2556 978 pari·

206 996 302 1053 ter
368 997 555 1072 atque
623 992 810 1058 tertia
860 992 1119 1058 alterius
1165 992 1396 1057 actoris
1441 1010 1742 1075 processu
1800 991 2137 1069 clauditur,
2201 993 2367 1057 servi
2413 993 2561 1058 soli-

204 1090 442 1172 loqui0,
489 1095 675 1159 tertia
715 1132 795 1141 —
837 1094 960 1160 884
1006 1094 1546 1177 Clytaemnestrae
1589 1099 1651 1156 et
1695 1092 1859 1157 servi
1904 1094 2170 1175 actione,
2213 1100 2440 1180 quarta
2478 1130 2560 1142 -

203 1189 331 1257 923
376 1190 618 1256 Orestis
663 1193 1202 1278 Clytaemnestrae
1245 1193 1506 1276 Pyladis
1571 1193 1917 1276 colloquio,
1981 1195 2149 1277 quod
2214 1193 2561 1279 coryphaei

202 1292 497 1379 versibus
561 1295 1025 1375 (coniunctione
1069 1294 1421 1363 dramatica
1476 1292 1547 1357 B.
1589 1284 1682 1378 8.)
1751 1313 1889 1358 cum
1954 1295 2214 1361 stasimo
2277 1296 2558 1379 sequenti

204 1412 433 1458 nexum
480 1401 592 1459 est.
845 1474 849 1481 ἡ

371 1493 477 1558 IV.
519 1494 781 1559 Emodus
820 1494 1192 1562 970—1073
1255 1513 1376 1557 una
1425 1499 1521 1563 est
1563 1513 1800 1559 scaena
1841 1533 1927 1542 —-
1968 1495 2161 1577 1061,
2206 1515 2369 1579 quae
2421 1516 2582 1561 cum·

114 1618 127 1623 ·
203 1594 436 1659 exodio
479 1595 740 1660 duobus*
780 1595 954 1660 chori
1000 1595 1178 1660 ducis
1221 1595 1548 1661 versiculis
1606 1592 2072 1680 (coniunctione
2115 1595 2313 1667 dram.
2359 1597 2424 1662 B.
2468 1598 2559 1681 9.)

202 1694 502 1778 iungitur.
905 1691 912 1697 “

367 1797 426 1864 7.
509 1796 904 1861 Eumenides.
992 1812 1001 1813 ’

369 1896 680 1983 Proloyus
724 1897 971 1964 1-139
1014 1903 1141 1961 tres
1184 1896 1379 1961 habet
1420 1915 1688 1961 scaenas
1734 1897 2084 1980 generaleS,
2127 1917 2389 1982 quarum
2429 1920 2561 1965 una

200 2035 283 2045 —
330 1997 410 2064 64
453 2017 532 2062 ex
574 1997 842 2082 Pythiae
900 1997 1236 2079 soliloquio
1284 2002 1564 2076 constat,
1632 1998 1839 2063 altera
1881 2034 1960 2044 —
1998 1998 2080 2065 93
2124 2018 2203 2064 ex
2245 1998 2558 2084 Apollinis

200 2107 264 2163 et
308 2097 553 2164 Orestis
597 2099 864 2180 actione,
913 2101 1101 2163 tertia
1152 2137 1218 2148 -
1270 2098 1391 2165 139
1434 2117 1512 2163 ex
1558 2096 2099 2181 Clytaemnestrae
2145 2099 2410 2165 actione.

366 2198 414 2266 Ι.
502 2199 869 2283 Εφίεοάἱαφη
897 2203 1183 2284 primum
1228 2199 1553 2267 177—316
1607 2198 1671 2262 in
1713 2198 1871 2262 duas
1916 2218 2182 2263 scaenas
2224 2201 2557 2282 generales

202 2298 597 2384 dispertitum
644 2307 771 2380 est,
837 2319 1099 2382 quarum
1146 2300 1348 2364 altera
1393 2299 1503 2384 (=
1532 2300 1751 2382 prima
1790 2318 2026 2364 scaena
2071 2337 2145 2346 -
2188 2300 2336 2381 252)
2384 2299 2560 2365 chori

200 2399 529 2464 metastasi
574 2407 635 2465 et
677 2399 962 2466 discessu
1007 2401 1316 2482 Apollinis
1360 2398 1592 2479 finitur,
1637 2398 1838 2464 altera
1879 2398 2037 2464 duas
2084 2399 2559 2483 comprehendit

200 2519 469 2565 scaenas
528 2501 880 2584 peculiares
951 2500 1301 2585 epiparodo
1345 2500 1673 2565 discretas.
1760 2499 2049 2565 Secunda
2091 2500 2284 2584 igitur
2324 2521 2560 2566 scaena

199 2639 281 2648 —
327 2601 438 2668 241
492 2602 826 2681 soliloquio
873 2600 1116 2666 Orestis
1160 2602 1527 2683 continetur,
1574 2603 1762 2665 tertia
1803 2637 1883 2648 -
1926 2602 2049 2668 302
2093 2603 2265 2667 chori
2311 2609 2372 2668 et
2405 2602 2555 2668 Ore·
2645 2633 2655 2644 ·

203 2701 320 2768 stis
365 2703 634 2783 actione,
678 2710 719 2766 a
763 2721 889 2785 qua
912 2701 1211 2766 transitus
1249 2701 1316 2765 fit
1345 2701 1427 2766 ad
1473 2701 1800 2766 stasimum
1829 2721 2099 2785 sequens
2125 2703 2561 2769 coniunctione

204 2802 556 2868 dramatica
605 2805 705 2887 (B.
753 2802 884 2889 10.)

367 2903 449 2968 II.
534 2904 902 2989 anz'sodium
943 2904 1271 2968 secundum
1314 2902 1644 2970 393—485
1687 2920 1875 2967 unam
1914 2903 2345 2986 complectitur
2388 2922 2561 2969 scae·
2682 2939 2690 2953 ·

203 3024 352 3069 nam
396 3006 760 3088 generalem
805 3007 867 3069 in
913 3006 1073 3068 duas
1117 3005 1463 3088 particulas
1507 3003 1811 3086 divisamz,
1873 3007 1936 3068 in
1982 3005 2187 3069 altera
2243 3005 2408 3070 enim
2448 3004 2559 3070 Mi-

204 3124 403 3169 nerva
445 3125 584 3169 cum
631 3106 842 3184 choro,
890 3105 953 3169 in
1001 3105 1202 3169 altera
1245 3125 1381 3169 cum
1431 3104 1656 3170 Oreste
1703 3105 2091 3191 colloquitur.

370 3205 485 3269 111.
569 3205 942 3292 Episodium
972 3208 1224 3270 terti-um
1266 3204 1594 3274 ooo-,897
1639 3206 1699 3269 in
1734 3206 2004 3289 quinque
2048 3212 2260 3289 partes
2293 3205 2560 3270 divisum

205 3325 348 3370 esse
394 3308 710 3390 suspicor:
744 3309 966 3392 prima
1007 3345 1091 3354 -—
1134 3307 1254 3373 603
1301 3327 1381 3370 ex
1424 3307 1622 3371 tribus
1667 3306 1988 3391 particulis
2035 3312 2297 3385 constat,
2342 3325 2563 3390 prooe-

205 3406 366 3487 mio,
415 3406 601 3471 chori·
633 3416 695 3471 et
738 3408 983 3474 Orestis
1031 3401 1470 3488 altercatione,
1516 3406 1759 3471 Orestis
1802 3405 2123 3490 precibus3
2188 3407 2252 3470 in
2294 3406 2565 3471 secunda
2628 3408 2633 3412 “

204 3507 410 3574 —663
433 3509 661 3591 Apollo
680 3508 969 3574 Orestem
1002 3507 1287 3572 defendit
1304 3529 1320 3589 3
1336 3509 1603 3579 tertia—
1614 3507 1737 3574 743
1758 3506 2030 3589 quinque
2056 3507 2405 3572 continetur
2419 3526 2563 3590 par-

207 3608 436 3690 ticulis,
482 3608 727 3673 thesmo
777 3608 1117 3688 Minervae,
1164 3608 1336 3672 chori
1383 3615 1443 3671 et
1486 3607 1802 3690 Apollinis
1848 3607 2196 3689 colloquio,
2241 3606 2563 3671 Minervae

210 3709 514 3788 oratione,
559 3708 1009 3792 stichomythia
1039 3708 1280 3773 Orestis
1320 3714 1383 3771 et
1411 3708 1604 3788 chori,
1653 3707 1937 3791 epilog03
1986 3707 2050 3771 in
2082 3715 2308 3793 quarta
2336 3744 2414 3753 —
2441 3707 2563 3774 767

209 3809 455 3892 gratias
499 3810 634 3894 agit
681 3809 939 3875 Orestes
982 3809 1337 3886 Minervae3
1406 3811 1623 3893 quinta
1664 3846 1746 3856 —
1787 3808 1908 3875 897
1965 3827 2042 3872 ex
2086 3807 2329 3872 duabus
2374 3806 2561 3891 parti-

213 3911 372 3976 culis
417 3910 720 3987 consistit,
768 3909 995 3974 melica
1037 3916 1105 3973 ut
1145 3909 1234 3973 ita
1279 3909 1485 3973 dicam
1531 3913 1593 3973 et
1636 3908 1877 3974 lectica.

378 4010 689 4077 Universa
733 4011 976 4093 reliqua
1007 4010 1311 4074 dramatis
1354 4030 1505 4094 pars
1550 4029 1648 4074 me
1691 4009 1896 4073 iudice
1943 4006 2183 4071 exodus
2227 4005 2423 4070 mixta
2467 4012 2564 4070 est
2619 4027 2628 4038 ·

212 4110 527 4176 habenda.
613 4112 774 4175 Nam
823 4112 995 4176 chori
1040 4110 1335 4194 strophas
1380 4131 1528 4191 sex,
1572 4111 1736 4174 inter
1777 4129 1934 4192 quas
1979 4108 2210 4173 actoris
2252 4126 2558 4192 anapaes-

210 4213 337 4277 tica
381 4219 733 4295 systemata
774 4212 1101 4277 interiecta
1144 4219 1305 4293 sunt,
1349 4231 1464 4296 pro
1500 4213 1761 4276 stasimo
1807 4230 1948 4274 esse
1991 4208 2315 4274 ducendas
2359 4207 2562 4272 minus

212 4314 433 4378 mirum
479 4312 631 4377 mihi
675 4312 919 4377 videtur
967 4311 1135 4395 quod
1179 4311 1644 4378 contendebant
1687 4310 1939 4394 quidam
1981 4329 2166 4393 quam
2211 4308 2378 4392 quod
2420 4309 2558 4394 relif

215 4415 316 4498 qui
364 4414 657 4479 credunt:
701 4420 830 4477 tam
874 4433 1106 4497 graves
1138 4414 1447 4477 exsistunt
1489 4411 1932 4476 dubitationes,
1989 4410 2352 4493 Numquam
2398 4410 2561 4475 enim
2643 4437 2654 4448 ·

211 4514 276 4580 in
320 4515 597 4581 stasimis
660 4515 1084 4598 conspicimus
1148 4513 1592 4597 anapaesticos
1631 4531 1876 4593 ‚versus
1943 4511 2220 4595 strophis
2262 4510 2562 4576 insertos:
