3267 5450
718 551 805 617 20
1164 566 1170 571 ·
1396 564 1448 604 c.
1482 546 1552 604 Π.
1627 547 1714 604 De
1733 545 2004 631 ‚partibus
2042 546 2435 618 episodiorum.

872 870 940 966 ξ.
1021 874 1090 943 2.
1194 864 1370 944 De
1439 859 2065 965 interloquiis
2135 861 2771 967 Aeschyleis
2852 871 2958 945 et

1598 974 2225 1093 Sophocleis,

892 1181 1237 1249 Veniamus
1279 1203 1449 1249 nunc
1494 1184 1577 1247 ad
1619 1181 2017 1264 interloquia.
2094 1179 2258 1244 Nam
2301 1181 2681 1265 interloquia
2724 1200 2836 1247 eos
2880 1202 3105 1247 versus

729 1301 770 1346 a
816 1282 992 1347 chori
1037 1283 1197 1348 duce
1262 1283 1563 1348 recitatos
1623 1280 2045 1348 nominandos
2100 1299 2330 1346 censeo
2374 1282 2599 1365 quibus
2642 1283 2809 1347 actio
2854 1282 3107 1347 histrio·

728 1401 875 1447 num
920 1381 1412 1466 interrumpitur.
1496 1404 1508 1419 ·

895 1482 970 1545 A.
1056 1482 1288 1547 Eorum
1329 1501 1482 1547 usus
1526 1499 1709 1545 rarus
1744 1480 1915 1565 apud
1943 1478 2435 1565 Aeschylum:

899 1583 953 1646 1.
1039 1582 1292 1647 Persar.
1351 1582 1553 1649 513s:
1620 1580 1745 1645 duo
1805 1582 2080 1644 trimetri
2132 1579 2424 1645 iambici:
2467 1585 2802 1663 postquam
2849 1580 3110 1645 nuntius

733 1680 1084 1748 declaravit
1124 1688 1361 1766 quanta
1406 1683 1576 1746 mala
1617 1699 1960 1765 perpessus
2007 1687 2177 1745 esset
2218 1681 2530 1745 exercitus
2573 1680 2932 1763 Persarum,
2977 1701 3110 1745 non

726 1782 936 1866 potuit
980 1782 1209 1848 chorus
1240 1803 1293 1846 a
1337 1802 1407 1847 se
1436 1783 1774 1866 impetrare
1819 1782 1967 1863 quin
2013 1771 2428 1846 exclamaret:
2473 1778 2524 1845 ὦ
2556 1779 2938 1867 δυσπόνητε
2967 1782 3112 1847 δαῒ-

730 1906 886 1967 μον,
950 1879 1039 1960 ὥς
1098 1883 1272 1965 ἄγαν
1356 1882 1565 1969 βαρύς
1631 1881 1880 1947 ποδοῖν
1955 1877 2229 1967 ἕνῇλλου
2290 1885 2496 1945 παντὶ
2561 1886 2866 1970 Περσικῷ
2905 1885 3108 1964 γένει.

898 1999 959 2066 2.
1044 1999 1298 2065 Persar.
1322 1999 1521 2067 834⁸:
1568 1997 1693 2063 duo
1727 2001 1999 2063 trimetri
2024 1998 2313 2062 iambici:
2348 1997 2452 2063 ubi
2480 1997 2674 2062 Darei
2718 1998 2945 2064 umbra
2980 1998 3110 2063 dis—

736 2100 966 2182 paruit,
1015 2099 1133 2164 hos
1166 2099 1515 2165 versiculos
1560 2097 1825 2163 effundit
1867 2097 2127 2163 chorus:
2172 2124 2205 2181 η
2184 2094 2450 2163 πολλὰ
2494 2102 2606 2163 καὶ
2645 2098 2954 2184 παρόντα
2995 2103 3112 2164 καὶ

732 2194 1034 2282 μέλλοντ’
1078 2197 1176 2265 ἔτι
1219 2194 1443 2284 ἥλγησ’
1493 2195 1788 2274 οἰκούσας
1827 2196 2227 2282 βαρβάροισι
2267 2193 2565 2282 πήματα.

904 2299 966 2364 3.
1052 2298 1301 2383 Septem
1347 2297 1656 2362 adversus
1699 2297 1988 2364 Thebas.
2053 2295 2342 2380 strophas
2383 2303 2532 2380 post
2571 2297 2859 2381 singulas
2904 2297 3107 2363 nuntii

739 2403 804 2462 et
826 2397 1070 2462 Eteocli
1114 2396 1435 2463 orationes
1479 2418 1519 2462 a
1563 2397 1758 2463 choro
1804 2403 2095 2463 cantatas
2138 2396 2437 2481 quoniam
2481 2398 2707 2463 eodem
2747 2397 2937 2462 modo
2981 2417 3107 2481 quo

740 2497 986 2582 reliqua
1028 2497 1455 2563 interscaenia
1498 2498 1580 2562 ad
1626 2497 2111 2580 distinguendas
2165 2498 2454 2582 singulas
2507 2517 2786 2571 scaenae
2827 2498 3106 2582 particu-

735 2596 883 2661 las
917 2596 1431 2663 accommodatas
1496 2598 1821 2678 videmus,
1886 2599 1952 2661 in
2018 2597 2534 2691 interloquiorum
2596 2617 2902 2663 numero
2926 2617 3106 2680 repo-

739 2696 984 2763 nendas
1027 2703 1201 2783 puto,

905 2800 966 2864 4.
1052 2797 1416 2863 Promethei
1449 2799 1609 2865 1035
1633 2817 1734 2865 ss:
1782 2803 2076 2880 quattuor
2118 2799 2391 2876 trimetri
2431 2796 2719 2862 iambici
2702 2848 2719 2864 .
2764 2804 2909 2883 post
2949 2797 3108 2864 Mer·

742 2897 897 2961 curii
942 2898 1288 2964 orationem
1313 2905 1381 2964 ut
1418 2899 1803 2981 obsequatur
1828 2896 2202 2962 Prometheo
2231 2898 2458 2977 suadet
2490 2899 2751 2964 chorus:
2795 2894 2950 2982 ἡμῖν
2990 2899 3112 2982 μὲν

730 2994 964 3081 εΕρμῆς
986 2995 1106 3064 οὐκ
1120 2997 1371 3082 ἄκαιρα
1396 3003 1712 3083 φαίνεται
1735 2999 1953 3079 λέγειν
1974 3044 1993 3061 .
2019 3047 2031 3061 .
2053 3045 2072 3061 .
2117 3001 2330 3065 πιθοῦ
2354 2999 2487 3064 κτλ.
2532 2998 2647 3063 His
2674 2996 3111 3064 interscaeniis

741 3096 845 3161 vel
872 3116 1141 3162 scaenas
1166 3100 1266 3162 vel
1291 3117 1564 3163 scaenae
1590 3098 1936 3181 particulas
1959 3098 2270 3170 discretas
2296 3098 2446 3181 quin
2472 3099 2742 3163 voluerit
2754 3098 3111 3182 Aeschylus

743 3216 870 3262 non
897 3196 1145 3262 videtur
1170 3199 1451 3281 possein
1491 3198 1749 3262 dubium
1781 3197 2017 3262 vocari.
2080 3196 2247 3261 Nam
2287 3198 2352 3262 in
2376 3198 2587 3263 Persis
2627 3198 2745 3263 etsi
2789 3217 2917 3263 non
2967 3218 3109 3263 con·

747 3302 877 3362 stat
906 3306 1052 3361 ante
1086 3298 1354 3362 alterum
1383 3297 1827 3380 interloquium
1870 3297 2125 3361 nuntius
2169 3298 2395 3363 abierit
2437 3318 2656 3377 necne,
2699 3298 2858 3363 illud
2901 3306 3108 3364 tamen

745 3418 868 3463 non
894 3398 1257 3481 negandum
1292 3403 1389 3462 est
1409 3396 1717 3463 rationem
1747 3398 1881 3463 eius
1908 3398 2035 3461 iam
2075 3398 2311 3462 nullam
2347 3398 2600 3482 haberi3
2644 3397 2711 3462 in
2732 3397 3108 3478 Prometheo

744 3516 898 3564 vero
942 3517 1323 3581 quamquam
1367 3503 1608 3562 restant
1649 3498 1758 3581 qui
1800 3498 2069 3562 aderant
2100 3504 2367 3578 actores,
2413 3517 2642 3593 novum
2675 3504 2889 3563 tamen
2917 3498 3107 3564 actio·

746 3596 845 3662 nis
888 3598 1236 3663 membrum
1280 3604 1426 3681 p‘ost
1466 3596 1956 3663 interscaenium
2000 3598 2280 3682 incipere
2323 3599 2585 3663 variatis
2629 3598 2846 3664 metris
2889 3636 2977 3646 —-
3016 3617 3107 3663 se·

748 3704 970 3764 cuntur
1011 3698 1202 3788 ‚enim
1272 3716 1494 3764 versus
1556 3689 1952 3783 anapaestici
2015 3736 2100 3745 —
2165 3706 2267 3763 sat
2339 3699 2690 3765 luculenter
2760 3697 3107 3782 significari

745 3797 1013 3865 videtur.

918 3899 987 3963 B.
1077 3897 1225 3962 Alia
1269 3897 1829 3964 interscaeniorum
1867 3896 2194 3981 usurpatio
2235 3896 2670 3984 Sophoclea
2710 3905 2822 3963 est.
2881 3896 3107 3975 Quam·

750 4017 941 4081 quam
984 3997 1148 4062 enim
1192 4017 1319 4062 non
1385 3998 1612 4064 desunt
1667 3999 1731 4061 in
1777 3998 1962 4063 huius
2008 3998 2242 4063 fabulis
2300 4018 2379 4063 ea
2421 3998 2844 4063 interscaenia
2888 4000 3106 4082 quibus

749 4098 1034 4163 membra
1077 4117 1350 4162 scaenae
1395 4096 1793 4179 definiantur,
1837 4097 2150 4163 interdum
2193 4103 2403 4163 tamen
2426 4106 2573 4181 post
2614 4098 2969 4182 longiorem
3014 4118 3107 4164 ac·

749 4198 906 4263 toris
950 4197 1299 4261 orationem
1346 4196 1437 4260 ita
1478 4197 1916 4280 interloquitur
1958 4197 2185 4274 chorus
2228 4205 2295 4263 ut
2336 4198 2691 4282 respirandi
2736 4200 2920 4282 quasi
2963 4206 3106 4264 tem-

753 4318 869 4383 pus
899 4296 1154 4381 aliquod
1185 4297 1649 4381 spectatoribus
1693 4305 1884 4381 poeta
1908 4298 2209 4363 maluisse
2240 4299 2526 4364 videatur
2555 4299 2903 4364 concedere
2928 4317 3107 4381 quam

751 4397 1142 4462 subtiliorem
1210 4402 1500 4480 spectare
1559 4397 1865 4463 dramatis
1911 4398 2305 4464 divisionem.
2390 4399 2817 4477 Quamobrem
2856 4399 2936 4463 in·
2969 4417 3108 4465 enu-

753 4496 1073 4566 merandis
1120 4496 1556 4563 ina-rscaeniis
1600 4498 1976 4585 Sophocleis
2032 4498 2114 4565 ad
2171 4499 2338 4570 huuc
2395 4499 2648 4566 modum
2703 4498 3008 4565 versabor
3048 4503 3109 4564 ut
