3267 5450
719 518 770 583 §-
816 483 865 572 1..
918 515 1006 575 De
1042 515 1435 577 interscaeniis
1474 513 1812 590 Aeschyleis
1847 520 1908 575 ‚et
1944 514 2292 588 Sophocleis.
2580 513 2665 581 17

290 706 443 753 ecce
484 705 659 752 nova
704 684 1021 760 exsistunt*
1058 687 1358 772 stasima,
1422 687 1686 753 istorum
1727 674 1994 751 scilicets
2027 686 2374 767 sententia,
2433 696 2662 751 ‘versus

293 786 441 852 dico
486 786 969 870 anapaesticoS‚
1030 789 1202 852 velut
1258 788 1322 853 in
1369 784 1800 871 Choephoris.'
1874 783 2190 862 Quoniam
2237 787 2404 850 enim
2446 785 2513 850 hi
2556 804 2662 850 ea·

294 887 441 952 dem
508 889 754 965 ratione
808 893 997 968 atque
1061 887 1310 970 reliqua
1369 889 1653 952 carmina
1708 885 1956 950 minora
2007 904 2275 950 scaenas
2338 885 2664 967 definiunt,

292 1007 423 1053 non
469 992 641 1051 esset
683 1004 793 1050 cur
837 1005 959 1050 non
1018 987 1283 1052 stasima
1338 987 1743 1070 ducerentur,
1813 987 1866 1052 si
1923 1006 2072 1053 vere
2131 985 2442 1050 dixissent
2495 985 2662 1049 docti

294 1086 404 1152 isti
438 1086 726 1151 homines
758 1104 1012 1150 carmen
1045 1085 1530 1169 unumquodque
1574 1105 1872 1151 scaenam
1916 1086 2220 1151 claudens
2244 1105 2378 1170 -pro
2400 1084 2665 1149 stasimo

296 1188 627 1252 habentes.
716 1185 1154 1269 Imprimisque
1217 1188 1476 1275 istorum
1535 1185 1748 1269 opinio
1804 1184 2152 1250 infirmatur
2196 1194 2384 1269 atque
2429 1183 2666 1266 frangi·
2733 1256 2736 1259 Α

295 1295 399 1351 tur
461 1287 806 1350 carminum
863 1286 942 1350 de
1002 1286 1228 1368 quibus
1283 1287 1494 1368 agitur
1538 1286 1947 1368 argumentis.
2037 1285 2107 1351 In
2155 1284 2435 1350 stasimis
2478 1285 2666 1362 enim,

296 1405 466 1471 quae
512 1407 628 1450 nos
661 1385 912 1467 quidem
961 1405 1284 1464 vocamus,
1331 1386 1560 1451 chorus
1597 1385 1978 1499 simulatque
2014 1404 2054 1451 a
2089 1385 2666 1469 perturbationibus

298 1489 558 1571 paulum
595 1486 949 1569 respiravit,
996 1505 1199 1568 aequo
1243 1493 1567 1568 tamquam
1613 1485 1823 1549 animo
1868 1503 2060 1549 sensa
2103 1485 2418 1551 cantando
2462 1484 2668 1568 expri-

298 1589 417 1651 mit
458 1589 551 1651 ita
594 1593 660 1650 ut
705 1586 1083 1682 spectatoris
1127 1587 1338 1670 potius
1382 1587 1520 1651 vice
1567 1586 1898 1669 fungatur,
1945 1585 2007 1649 in
2054 1585 2491 1655 interscacniis
2516 1602 2668 1649 vero

300 1708 424 1752 nec
463 1687 670 1752 minus
715 1686 780 1749 in
827 1684 1253 1768 interloquiis,
1313 1686 1393 1750 de
1450 1685 1676 1768 quibus
1736 1705 1919 1766 mox,
1977 1683 2067 1749 eis
2132 1704 2295 1767 quae
2340 1680 2485 1750 acta
2526 1688 2672 1748 sunt

301 1788 537 1854 acriter
581 1792 928 1851 commotus
973 1805 1152 1849 suam
1198 1786 1407 1869 magis
1453 1793 1515 1851 et
1558 1787 1879 1869 agentium
1915 1785 2117 1851 vicem
2161 1805 2350 1868 quam
2395 1784 2671 1850 omnium
2773 1781 2789 1797 “

298 1888 532 1972 anxius
605 1885 1048 1952 et'laudando
1102 1891 1290 1969 atque
1352 1886 1771 1971 vituperando
1828 1893 1892 1951 et
1952 1886 2338 1951 consulendo
2392 1885 2670 1967 deosque

186 2046 197 2057 .
302 1987 717 2065 obtestando,
777 2005 1246 2069 nonnumquam
1291 1987 1483 2051 etiam
1529 1986 1942 2051 advenientes
1985 1985 2444 2067 denuntiando,
2501 1984 2676 2049 velut

298 2090 370 2154 in
425 2087 781 2153 Trachiniis
839 2085 981 2153 216.
1026 2085 1193 2166 970,
1259 2085 1531 2151 conectit
1580 2087 1793 2171 potius
1857 2086 2144 2169 singulas
2200 2095 2417 2171 partes
2481 2105 2668 2168 quam

301 2189 578 2255 secernit
622 2193 684 2252 et
728 2187 911 2270 quasi
957 2187 1286 2252 continuat
1330 2186 1663 2252 actionem

331 2291 338 2301 '
447 2289 935 2383 >Recenseamus
978 2287 1103 2351 iam
1149 2305 1340 2370 porro
1386 2281 1642 2378 singula
1685 2285 2137 2351 interscaenia:

939 2452 1003 2518 Α.
1085 2442 1439 2537 Aeschylus.
1481 2450 1616 2532 (ed.
1658 2448 2039 2535 Kirchhoff.)

472 2590 529 2654 1.
572 2585 824 2652 Persar.
869 2585 1230 2654 631—671:
1276 2590 1389 2649 aa‘
1432 2587 1537 2668 ββ’
1582 2588 1682 2668 yr‘
1725 2585 1816 2650 d‘:
1859 2576 2098 2649 inferos
2142 2583 2295 2649 deos
2331 2582 2670 2648 choreutae

300 2695 374 2756 ut
419 2690 702 2753 emittant
745 2687 1023 2753 Dareum
1069 2687 1400 2770 ipsumque
1431 2686 1709 2751 Dareum
1757 2692 1822 2751 ut
1863 2691 2150 2768 emergat
2190 2682 2451 2767 reginae
2494 2683 2668 2746 iussu

300 2789 664 2886 implorant.
731 2787 913 2852 Unde
953 2788 1329 2870 perspicitur
1371 2807 1496 2851 non
1540 2786 1862 2852 intermitti
1907 2787 2237 2850 actionem.
2305 2783 2429 2849 Cur
2471 2782 2668 2847 nihilo

301 2897 519 2984 tamen
563 2890 768 2953 minus
811 2886 1147 2971 Westphal
1203 2887 1324 2952 hoc
1379 2887 1709 2951 stasimum
1755 2905 2007 2951 carmen
2052 2885 2391 2969 appellarit
2436 2903 2561 2948 non
2605 2882 2669 2946 in

303 2971 574 3056 obscuro
620 2989 830 3072 posita
874 3007 1071 3053 causa
1115 2994 1227 3077 est.
1319 2986 1528 3070 Leges
1573 2987 1739 3052 enim
1783 2985 1839 3051 is
1883 2986 2114 3069 ubique
2159 3006 2299 3051 esse
2344 2975 2542 3049 voluit
2580 2984 2667 3048 le-

305 3109 550 3174 gesque
603 3089 841 3154 invenit
898 3108 1023 3153 non
1082 3072 1391 3153 extantes.
1478 3088 1577 3151 Ita
1617 3091 1912 3169 quattuor
1955 3087 2237 3151 carmina
2281 3085 2456 3150 chori
2501 3085 2667 3167 prin-

307 3191 541 3274 cipalia
599 3203 723 3255 non
781 3187 1064 3253 indicata
1116 3206 1313 3253 causa
1355 3186 1752 3252 confirmavit
1794 3188 2005 3252 inesse
2048 3187 2114 3250 in
2155 3203 2531 3269 unaquaque
2578 3183 2668 3247 fa·

306 3290 459 3355 bula
491 3289 854 3373 Aeschylea
897 3288 978 3352 ob
1024 3307 1291 3370 eamque
1337 3306 1525 3369 quam
1572 3287 1827 3351 vocavit
1868 3287 2185 3369 regulam,
2231 3305 2405 3368 quae·
2440 3284 2668 3348 miran-

307 3391 457 3456 dum·
509 3390 757 3454 videtur
810 3389 979 3472 quod
1027 3408 1154 3453 non
1197 3388 1280 3453 ab
1325 3388 1618 3453 omnibus
1665 3388 1946 3453 funditus
1992 3387 2073 3452 sit
2116 3386 2483 3471 repudiata,
2543 3404 2669 3449 non

306 3490 510 3575 potuit
551 3509 706 3554 sane
754 3488 969 3574 facere
1013 3493 1161 3571 quin
1203 3489 1530 3554 stasimum
1559 3488 1724 3552 ‘illud
1756 3507 2008 3553 carmen
2042 3491 2437 3571 agnosceret.
2502 3484 2671 3561 Quo-

307 3590 497 3657 modo
540 3577 690 3654 vero
737 3589 972 3656 factum
1009 3588 1099 3669 sit
1141 3594 1210 3653 ut
1249 3586 1492 3653 Teuffel
1538 3588 1597 3652 ei
1642 3588 2063 3654 adsentiretur
2104 3587 2473 3670 intellegere
2518 3604 2673 3650 sane

307 3711 436 3757 non
500 3709 792 3775 possum,
863 3689 1232 3773 praesertim
1290 3709 1429 3754 cum
1495 3688 1650 3772 quid
1692 3689 1813 3753 sibi
1859 3689 2050 3753 vellet
2091 3687 2247 3753 illud
2290 3708 2542 3753 carmen
2590 3686 2671 3750 ab

309 3790 634 3858 Odofredo
658 3789 964 3855 Muellero
1007 3790 1133 3854 iam
1180 3789 1414 3854 dudum
1462 3788 2306 3871 (Schulzeit.1832.11862)
2354 3806 2668 3853 common-

308 3900 573 3957 stratum
619 3910 761 3956 esse
805 3891 1077 3955 videam.
1163 3890 1339 3954 Addi·
1373 3898 1654 3973 poterat,
1696 3889 1748 3955 si
1794 3888 2221 3979 necessarium
2271 3893 2477 3964 esset,
2525 3886 2674 3950 soli-

309 3993 524 4077 loquio
586 4010 711 4056 non
779 3990 1082 4056 credibile
1143 4009 1284 4056 esse
1337 3989 1998 4074 conficiepisodium,
2063 3989 2214 4071 quia
2255 3988 2493 4052 nullum
2538 3987 2673 4051 eius

307 4093 400 4158 rei
469 4098 644 4157 extat
699 4092 1088 4173 exemplum;
1176 4089 1533 4174 episodium
1604 4096 1812 4153 autem
1880 4088 2178 4154 habenda
2244 4094 2413 4153 esset
2468 4087 2671 4150 oratio

307 4212 474 4276 quae
519 4211 774 4257 carmen
829 4191 1038 4273 quode
1097 4190 1347 4272 agimus
1394 4189 1831 4272 antegreditur
1872 4190 2177 4268 Atossae,
2234 4188 2288 4252 si
2322 4177 2674 4251 'stasimum

307 4293 419 4358 illo
461 4293 605 4358 loco
650 4291 1190 4372 constitueremus.

473 4392 533 4460 2.
603 4391 976 4477 Supplicwm
1014 4390 1378 4457 403—4202
1423 4395 1537 4454 aoe‘
1564 4394 1714 4473 ββέ
1759 4395 1901 4453 orat
1941 4387 2172 4453 chorus
2217 4406 2433 4469 regem
2480 4405 2559 4450 ne
2602 4405 2672 4450 se

305 4494 478 4568 sinat
524 4511 602 4557 ex
649 4492 800 4557 sede
844 4511 1033 4574 quam
1080 4495 1339 4575 ceperat
1381 4489 1446 4555 in
1490 4491 1853 4556 servitutem
1902 4483 2228 4561 vindicari.
2303 4486 2482 4563 Quae
2525 4486 2673 4550 dum

361 4594 766 4646 Oehmichcn,
795 4594 852 4634 de
879 4603 1023 4644 comp.
1054 4593 1164 4644 epis.
1189 4593 1226 4634 1.
1772 4631 1774 4634 ,
2212 4586 2256 4661 2
