3267 5450
740 483 824 554 62
860 572 869 585 .
1195 507 1245 546 c.
1284 489 1383 547 111.
1457 488 1542 549 De
1577 491 1898 565 symmetria
1933 490 2241 550 dramatica
2278 491 2617 567 Aeschylos.

740 657 978 723 tionem
1035 677 1115 722 ex
1176 659 1606 742 quadraginta
1664 660 1940 744 quinque
1996 662 2284 729 versibus
2341 669 2730 729 constantem
2788 663 3073 747 Clytaem-

741 765 995 822 nestrae
1040 759 1323 841 sequitur
1364 759 1871 843 undesexaginta
1914 761 2157 827 habens
2197 782 2435 827 versus.
2508 763 2629 840 Qui
2674 749 2901 828 desunt
2931 765 3074 847 Aga·

680 854 687 881 ³
741 858 1094 922 memnonis
1138 857 1640 939 quattuordecim
1685 868 1830 944 post
1872 861 2381 944 stichomythiam
2425 863 2852 946 proferuntur.
2933 863 3076 940 Quo·

742 957 913 1021 niam
957 956 1151 1040 igitur
1191 957 1361 1023 idem
1420 978 1716 1024 versuum
1773 979 2069 1027 numerus
2123 961 2366 1044 utrique
2426 963 2623 1027 actori
2666 961 2936 1027 tributus
2982 968 3078 1044 est,

739 1076 867 1122 nou
910 1057 1131 1122 dubito
1176 1056 1297 1122 hoc
1338 1058 1771 1142 responsionis
1814 1059 2073 1125 schema
2117 1080 2383 1144 ponere:

986 1179 1204 1242 ΛΚ
1386 1177 1397 1184 ”
1950 1184 2031 1244 A
2115 1183 2347 1245 KAK
2421 1182 2644 1268 Λαφ.
2760 1183 2956 1251 K!

988 1280 1070 1345 45
1123 1279 1308 1361 59†*
1427 1280 2033 1418 (25451ιὲ3
2161 1283 2297 1348 131
2423 1282 2566 1369 14ἱ
2750 1282 2849 1349 17.

901 1462 958 1528 7.
1045 1458 1442 1524 Eumenides.

905 1560 989 1622 11.
1075 1558 1450 1643 Episodium
1490 1559 1828 1625 secundum
1857 1559 1985 1626 432
2005 1579 2104 1623 ss:
2147 1560 2212 1624 in
2241 1560 2586 1644 posteriore
2612 1560 2801 1626 huius
2833 1560 3082 1644 episodii

738 1659 1054 1745 particula
1096 1660 1450 1724 orationem
1481 1658 1727 1724 Orestis
1771 1678 1850 1723 ex
1886 1659 2106 1753 viginti
2150 1667 2391 1743 septem
2435 1661 2720 1725 versibus
2756 1661 3081 1726 consisten-

736 1767 862 1827 tem
917 1767 1162 1844 septem
1206 1759 1728 1842 antegrediuutur
1768 1758 2090 1824 Minervae
2133 1760 2390 1825 trimetri
2436 1768 2498 1825 et
2540 1767 2838 1826 secuntur
2880 1759 3084 1842 viginti

711 1849 828 1926 'ita
888 1869 955 1925 ut
1018 1859 1189 1927 idem
1255 1879 1549 1925 versuum
1611 1879 1905 1924 numerus
1971 1859 2056 1923 ab
2121 1865 2382 1942 utroque
2446 1867 2659 1927 actore
2725 1859 3084 1925 effundatur.

737 1960 979 2027 Norma
1025 1964 1234 2024 autem
1278 1960 1441 2025 haec
1483 1968 1610 2026 est:

1500 2082 2353 2145 AXAXAOA

1505 2185 1586 2250 18
1650 2182 1691 2248 3
1768 2184 1907 2247 18.1
2030 2180 2071 2246 7
2138 2180 2218 2246 27
2273 2181 2372 2247 20.

2042 2262 2391 2346 1—-127
2449 2310 2456 2315 .

1421 2478 1485 2544 Ε.
1571 2479 1657 2545 De
1699 2479 2053 2562 symmetria
2096 2479 2418 2545 communi.

902 2657 1000 2725 De
1044 2659 1358 2725 communi
1402 2665 1602 2725 restat
1644 2666 1713 2725 ut
1766 2658 2051 2725 dicamus
2098 2659 2466 2743 symmetria
2507 2658 2882 2742 mensurali3
2939 2676 3089 2741 quae
3209 2670 3212 2681 j

732 2758 854 2823 hoc
901 2759 1095 2825 habet
1136 2760 1460 2844 proprium
1486 2760 1657 2843 quod
1700 2779 1824 2824 non
1870 2760 2259 2843 singulorum
2292 2767 2568 2825 actorum
2615 2779 2908 2824 versuum
2938 2778 3093 2824 com-

732 2858 1064 2941 plexiones
1109 2859 1231 2924 sibi
1263 2860 1670 2944 respondent,
1714 2861 1842 2940 sed
1872 2878 1987 2940 eae
2024 2879 2186 2941 quae
2231 2879 2591 2925 communes
2627 2867 2773 2925 sunt
2813 2859 3094 2925 omnibus

733 2958 840 3040 qui
884 2959 947 3023 in
993 2960 1320 3043 particulis
1363 2947 1444 3024 d'e
1486 2960 1715 3045 quibus
1760 2962 1968 3042 agitur
1998 2959 2265 3024 aetionis
2293 2960 2635 3045 participes
2679 2965 2827 3024 sunt
2851 2958 3097 3023 histrio·

729 3057 935 3122 nibus.
1024 3058 1169 3136 Qua
1210 3059 1276 3123 in
1310 3079 1400 3128 ,re
1441 3060 1596 3124 nihil
1656 3058 1850 3124 refert
1905 3067 2105 3125 utrum
2166 3080 2356 3143 pares
2412 3060 2536 3124 sint
2591 3079 2791 3124 necue
2858 3058 3098 3123 numeri

731 3177 1024 3222 versuum
1069 3157 1194 3248 qui
1220 3178 1261 3222 a
1317 3158 1588 3224 diversis
1648 3161 1968 3226 actoribus
2027 3160 2462 3244 proferuntur,
2528 3159 2827 3241 quoniam
2871 3160 3100 3223 mixtas

733 3276 877 3323 esse
922 3272 1131 3342 posse„
1158 3259 1561 3342 symmetrias
1604 3260 1668 3323 in
1713 3261 2041 3343 particulis
2086 3260 2463 3341 quibusdam
2507 3260 2763 3343 saepius
2806 3258 3101 3324 vidimus.

731 3356 829 3422 Ex
877 3376 1003 3439 quo
1048 3376 1283 3439 genere
1328 3359 1450 3423 hae
1495 3367 1642 3425 sunt
1681 3380 1957 3425 scaenae
2000 3359 2358 3423 fabularum
2400 3359 2943 3443 Aeschylearum:

900 3457 958 3522 1.
1043 3456 1292 3522 Persae.
1660 3533 1664 3535 V

895 3557 930 3622 I
973 3560 1030 3623 1.
1107 3558 1404 3643 Episodii
1431 3558 1639 3642 primi
1676 3559 1903 3623 scaena
1929 3560 2152 3640 prima
2175 3559 2297 3624 155
2321 3577 2417 3622 ss:
2461 3564 2798 3641 postquam
2821 3577 2910 3622 ex
2938 3556 3104 3622 aedi-

731 3657 851 3721 bus
897 3656 1327 3739 egredientem
1376 3659 1664 3740 reginam
1710 3665 2004 3741 quattuor
2048 3656 2428 3723 tetrametris
2481 3657 2826 3740 &trochaicis
2885 3676 3107 3723 consa-

729 3757 956 3819 lutavit
998 3756 1174 3821 chori
1221 3757 1371 3835 dux,
1414 3759 1652 3821 Atossa
1676 3757 2042 3842 pronuntiat
2067 3757 2566 3840 quattuordecim
2611 3777 2834 3821 versus
2857 3757 3106 3823 ‘eodem

730 3865 930 3921 metro
978 3857 1302 3922 confectos
1359 3864 1421 3920 et
1480 3858 1710 3921 chorus
1773 3865 1900 3922 tres
1954 3860 2104 3922 item
2151 3857 2267 3943 [---
2319 3858 2466 3942 17];
2537 3863 2683 3942 post
2725 3858 3104 3922 orationem

622 4005 628 4010 .
729 3955 960 4019 deinde
1005 3959 1276 4020 Atossae
1324 3976 1404 4022 ex
1471 3957 1759 4021 iambicis
1815 3958 2110 4022 trimetris
2154 3963 2546 4022 constantem
2593 3957 2825 4022 chorus
2882 3957 3111 4022 recitat

731 4056 1022 4120 undecim
1090 4075 1311 4121 versus
1364 4057 1514 4120 item
1578 4057 1938 4121 trochaicos
1996 4064 2059 4122 et
2121 4057 2345 4140 regina
2410 4076 2524 4120 sex
2578 4057 2725 4136 item
2801 4054 2926 4144 [=
2979 4054 3106 4144 1713

650 4207 655 4212 .
730 4156 1244 4237 stichomythiam
1291 4155 1583 4238 denique,
1626 4157 1690 4220 in
1736 4176 1863 4237 qua
1907 4157 2143 4241 septies
2186 4175 2256 4220 se
2302 4156 2622 4239 excipiunt
2655 4163 2937 4236 actoreS‚
2984 4163 3108 4220 tres

728 4255 1073 4321 tetrametri
1120 4263 1414 4321 secuntur
1438 4256 1617 4322 chori
1663 4256 1999 4321 adventum
2044 4254 2243 4322 nuntii
2287 4255 2623 4320 iudicantis
2660 4254 2768 4342 [=
2791 4254 2924 4345 17].
2986 4256 3108 4321 Ter

728 4356 923 4439 igitur
951 4356 1350 4421 inveniuntur
1393 4355 1639 4439 septeni
1676 4353 1820 4421 deni
1859 4374 2080 4420 versus
2112 4354 2416 4422 trochaici
2458 4356 2553 4420 ita
2584 4362 2653 4420 ut
2684 4355 2807 4421 hoc
2843 4357 3109 4422 schema

730 4475 1108 4546 componere
1152 4457 1376 4521 lioeat:
