3267 5450
706 457 797 524 22
1382 475 1433 517 a.
1469 460 1542 515 11.
1615 457 1702 514 De
1737 457 1993 528 partibus
2030 455 2427 528 episodiorum.

881 629 978 691 11..
1060 627 1417 714 Antiqonae
1479 625 1681 693 471s:
1747 628 2053 691 trimetri:
2132 625 2456 707 Antigona
2495 610 2875 703 simulatque
2917 616 3082 700 loqui
3203 634 3204 643 ¹

713 727 919 804 desiit,
963 726 1354 810 vituperatur
1386 746 1428 792 a
1469 725 1646 792 chori
1682 725 1873 791 duce:
1917 726 2112 812 δηλοῖ
2143 727 2219 791 τὸ
2263 720 2524 809 γέννημ’
2567 719 2753 805 οἷμον
2794 716 2872 797 ἐξ
2901 714 3082 803 413μοῦ

710 827 967 909 πατρὸς
1007 828 1140 895 κτλ.
1198 826 1339 904 Quo
1380 826 1758 909 interloquio
1788 845 2025 891 scaena
2052 824 2119 889 in
2160 823 2506 909 particulas
2538 822 2785 898 videtur
2816 816 3081 900 seiungi.

879 925 976 992 12.
1058 926 1416 1012 Antiqonae
1439 926 1639 993 681³:
1683 927 1956 991 trimetri
1964 948 1988 990 .-
2027 932 2173 1010 post
2194 925 2541 990 orationem
2571 920 2859 987 Creontis
2894 918 3083 983 robur

714 1026 907 1090 animi
952 1026 1123 1109 regis
1167 1026 1516 1092 admiratur
1557 1026 1819 1091 chorus:
1887 1024 2043 1112 ἡμῖν
2081 1026 2245 1111 μὲν.
2270 1076 2285 1090 .
2316 1073 2333 1090 .
2401 1026 2618 1106 λέγειν
2656 1016 3082 1107 φρονούντως
3145 1078 3152 1087 ,

717 1125 814 1192 ὧν
844 1128 1061 1208 ,λέγεις
1102 1126 1320 1203 δοκεῖς
1360 1130 1533 1212 πέρι.
1587 1144 1597 1151 ·
2305 1172 2314 1179 .

880 1226 979 1292 13.
1065 1225 1422 1312 Antigonae
1445 1227 1647 1293 724s:
1690 1228 1990 1291 trimetri:
2035 1231 2182 1309 post
2222 1223 2569 1289 Haemonis
2612 1222 3083 1288 excusationem

715 1333 784 1390 ut
825 1326 889 1389 in
920 1332 1134 1391 mutuo
1179 1345 1249 1391 se
1295 1326 1574 1391 habeant
1605 1325 1846 1390 honore
1892 1326 2121 1390 chorus
2155 1324 2455 1390 admonet
2486 1331 2844 1405 utrumque:
2890 1320 3082 1397 ἄναξ.
3203 1384 3206 1403 4

715 1430 789 1492 σέ
830 1422 884 1491 τ’
931 1423 1123 1505 εἰκὸς,
1168 1426 1240 1491 εἴ
1266 1450 1331 1491 τι
1372 1431 1634 1509 καίριον
1676 1427 1875 1507 λέγει,
1915 1430 2190 1508 μαθεῖν,
2234 1428 2310 1490 σέ
2348 1420 2404 1489 τ’
2449 1421 2537 1490 αύ
2578 1419 2782 1490 τοῦδ’·
2827 1422 2961 1489 κτλ.

880 1527 978 1591 14.
1063 1524 1420 1613 Antiqonae
1442 1525 1566 1594 929
1579 1545 1644 1589 s-:
1668 1528 2093 1609 anapaestici:
2117 1544 2276 1588 unus
2304 1523 2570 1588 dimeter
2594 1530 2659 1588 et
2686 1542 2843 1588 unus
2870 1540 3083 1587 mono·

715 1631 947 1709 meter:
994 1627 1199 1691 oratio
1227 1626 1590 1709 Antigonae
1634 1626 1805 1690 subit
1849 1626 2025 1692 chori
2057 1625 2614 1709 vituperationem:
2659 1620 2759 1691 ἔτι
2797 1628 2933 1689 τῶν
2972 1620 3088 1690 αύ-

712 1735 848 1792 τῶν
888 1723 1155 1810 ἀνέμων
1194 1724 1390 1814 ῥιπαὶ
1430 1724 1608 1809 τήνδ’
1677 1720 2055 1808 ἐπέχουσιν.
2117 1726 2218 1790 Ab
2264 1725 2383 1790 boc
2435 1725 2811 1808 interloquio
2855 1743 3086 1790 novam

712 1846 992 1892 scaenae
1035 1813 1413 1911 particulam
1458 1824 1739 1909 incipere
1786 1832 2092 1890 mutatum
2136 1832 2400 1891 metrum
2443 1824 2678 1890 indicio
2721 1830 2836 1890 est.

814 1956 819 1963 -
885 1929 980 1993 15.
1067 1926 1359 2009 Electrae
1380 1925 1511 1993 368
1522 1944 1626 1993 ss:
1670 1933 1799 1991 tres
1844 1928 2120 1991 trimetri
2129 1948 2152 1990 .·
2193 1932 2340 2011 post
2363 1926 2653 1991 Electrae
2699 1924 3086 1990 orationem:

712 2026 919 2112 μηδὲν
961 2027 1130 2111 πρὸς
1167 2022 1385 2121 ὅργὴν,
1430 2026 1601 2110 πρὸς
1644 2027 1827 2092 θεῶν
1872 2027 2002 2093 κτλ.

884 2127 981 2195 16.
1066 2127 1357 2192 Electrae
1397 2127 1599 2194 464⁸:
1659 2128 1932 2191 trimetri
1941 2148 1965 2191 .·
2011 2146 2174 2210 quae
2221 2126 2474 2190 Electra
2516 2124 2766 2190 dixerat
2808 2124 3089 2208 probans

712 2228 944 2292 chorus
990 2235 1058 2291 ut
1113 2227 1497 2309 obsequatur
1555 2225 1783 2290 suadet
1827 2225 2373 2309 Chrysothemidi:
2437 2225 2607 2313 πρὸς
2649 2222 3006 2306 εὐσέβειαν
3050 2221 3087 2309 ἦ
3209 2214 3210 2229 ’

714 2326 876 2413 κόρη
921 2329 1115 2409 λέγει·
1164 2324 1247 2392 σύ
1295 2325 1410 2391 δὲ.
1440 2377 1451 2390 .
1482 2372 1497 2387 .
1544 2325 1817 2411 δράσεις
1856 2328 2038 2393 τάδε.

883 2427 981 2494 17.
1025 2426 1318 2492 Electrae
1359 2426 1564 2493 6100:
1609 2429 1885 2492 trimetri
1892 2450 1916 2492 .·
1958 2428 2275 2493 Electram
2308 2445 2432 2491 non
2476 2425 2694 2491 dubito
2736 2424 2885 2508 quin
2931 2423 3089 2488 vitu-

714 2534 894 2611 peret
950 2526 1180 2591 chorus
1237 2535 1495 2610 propter
1563 2528 1916 2592 orationem
1983 2528 2067 2593 ab
2140 2546 2218 2591 ea
2292 2527 2609 2591 habitam:
2701 2521 2835 2609 ὃρῶ
2890 2526 3091 2605 μένος

710 2630 1078 2693 πνέουσαν·
1107 2624 1173 2693 εἴ
1193 2626 1269 2692 δὲ
1299 2626 1421 2692 σὺν
1463 2626 1608 2715 δίκῃ
1648 2627 1939 2706 ξύνεστι,
1979 2628 2180 2695 τοῦδε
2221 2622 2527 2713 φροντίδ’
2572 2622 2785 2693 οὐκέτ’
2830 2621 3088 2706 εἰσορῶ.
3205 2692 3212 2698 ,

882 2728 980 2794 18.
1064 2727 1357 2792 Electrae
1388 2727 1591 2795 764s:
1634 2731 1928 2794 trimetri:
1973 2729 2083 2793 Eis
2112 2748 2276 2812 quae
2319 2728 2740 2812 paedagogus
2769 2722 3093 2809 enarravit
3211 2769 3214 2784 -,

714 2828 810 2893 sic
853 2835 949 2892 est
976 2828 1375 2909 perturbatus
1405 2828 1634 2893 chorus
1680 2835 1747 2894 ut
1789 2829 2002 2896 facere
2040 2849 2165 2895 non
2209 2837 2428 2912 posset
2451 2828 2602 2912 quin
2634 2831 2893 2912 questus
2919 2823 3089 2889 cohi-

717 2928 925 2995 beret:
992 2929 1122 3013 φεῦ
1167 2933 1317 3012 φεῦ·
1359 2929 1446 2995 τὸ·
1481 2935 1623 2994 πᾶν
1666 2929 1745 3013 δὴ
1775 2980 1790 2996 .
1817 2980 1870 2994 ..
1931 2929 2277 3015 ἔφθαρται
2328 2931 2537 3010 γένος.
2623 2928 2723 2993 Ab
2769 2927 2869 2991 bis
2913 2923 3088 2991 chori

716 3027 1005 3102 versibus
1047 3047 1277 3092 novam
1343 3047 1616 3093 scaenae
1677 3029 2053 3113 particulam
2116 3048 2347 3114 capere
2406 3029 2649 3094 initium
2710 3047 2785 3092 eo
2832 3024 3085 3109 potissi·

718 3148 885 3192 mum
933 3128 1308 3213 perspicitur
1362 3128 1530 3212 quod
1576 3148 1702 3193 non
1763 3136 1893 3193 tam
1939 3130 2336 3196 continuatur
2379 3130 2660 3194 narratio
2702 3147 2892 3212 quam
2937 3146 3087 3211 quo·

718 3228 906 3293 modo
953 3236 1027 3293 et¹
1058 3228 1604 3312 Clytaemnestrae
1646 3236 1710 3294 et
1748 3229 2039 3295 Electrae
2093 3231 2340 3295 animus
2397 3230 2615 3295 nuntio
2672 3230 2782 3294 illo
2842 3248 3088 3312 permo-

715 3334 937 3393 veatur
978 3349 1019 3392 a
1060 3336 1254 3411 poeta
1296 3329 1692 3398 describitur.

880 3429 978 3496 19.
1062 3428 1356 3494 Electrae
1389 3429 1587 3497 990s:
1630 3433 1943 3496 trimetri:
1989 3431 2276 3496 Electrae
2301 3430 2648 3494 orationem
2688 3429 3090 3511 consequitur

719 3528 895 3594 chori
938 3528 1331 3593 adhortatio:
1397 3527 1472 3597 ἕν
1511 3537 1651 3606 τοῖς
1690 3530 2025 3606 τοιούτοις
2079 3527 2260 3596 ἐστὶν
2321 3528 2358 3615 ἦ
2404 3529 2789 3615 προμήθεια
2843 3533 2958 3595 καὶ
2995 3535 3090 3617 τῷ

596 3635 599 3638 ’
715 3630 976 3722 λέγοντι
1018 3633 1133 3694 καὶ
1173 3629 1444 3697 κλύοντι
1486 3629 1847 3715 σύμμαχος.

884 3728 985 3794 20.
1045 3727 1364 3793 'Electrae
1397 3728 1634 3797 1015s:
1664 3730 1969 3794 trimetri:
1994 3729 2474 3812 Chrysothemis
2497 3736 2834 3812 postquam
2859 3729 3086 3794 oratio·

718 3846 860 3892 nem
919 3827 1153 3910 finivit,
1219 3827 1537 3893 Electram
1602 3830 1905 3895 admonet
1962 3830 2193 3895 chorus
2258 3836 2325 3895 ut
2391 3828 2593 3895 sorori
2661 3829 3086 3914 obtemperet:

718 3931 954 3994 πιθοῦ·
999 3932 1323 4012 προνοίας
1368 3924 1568 3994 οὐδὲν
1609 3932 1743 3996 κτλ.

882 4028 982 4093 21.
1067 4026 1357 4092 Electrae
1406 4030 1671 4096 1171ss:
1728 4037 1858 4094 tres
1901 4031 2208 4094 trimetri:
2248 4028 2504 4093 Electra
2546 4026 2650 4092 ubi
2698 4047 2838 4093 cum
2866 4029 3087 4094 Oreste

719 4129 1032 4193 collocuta
1075 4146 1115 4191 a
1158 4127 1361 4191 servis
1420 4127 1555 4192 eius
1623 4148 1847 4193 urnam
1915 4128 2189 4213 accepit,
2254 4148 2382 4212 qua
2442 4128 2753 4193 inclusum
2815 4128 3086 4193 cinerem

719 4247 898 4293 suum
968 4246 1109 4292 esse
1155 4225 1414 4292 Orestes
1459 4227 1833 4310 simulabat,
1899 4228 2158 4311 longum
2204 4228 2426 4292 habuit
2465 4227 2905 4312 soliloquium3
2964 4246 3086 4310 quo

720 4326 894 4391 finito
951 4326 1317 4410 priusquam
1386 4345 1613 4391 novum
1685 4327 1917 4410 occipit
1960 4328 2370 4409 colloquium,
2441 4328 2755 4392 Electram
2799 4327 3086 4392 consola·

719 4435 817 4491 tur
860 4425 1037 4491 chori
1081 4424 1239 4490 dux:
1292 4430 1544 4510 θνητοῦ
1589 4430 1897 4512 πέφυκας
1935 4427 2216 4514 πατρὸς,
2254 4423 2607 4513 Ἠλέκτρα,
2650 4425 2914 4513 φρόνει.
2957 4428 3087 4493 κτλ.
