3267 5450
618 538 704 607 30
1301 557 1349 597 c.
1389 536 1460 596 11.
1500 538 1588 596 De
1627 540 1884 610 partibus
1920 540 2319 611 episodiorum.

622 705 815 788 Atqui
858 710 923 770 et
973 703 1037 769 in
1096 706 1536 777 interscaeniis
1590 709 1672 776 de
1715 709 1942 794 quibus
1987 706 2182 794 supi-a
2226 694 2460 774 dictum
2500 714 2598 774 est
2635 714 2718 774 ‘et
2769 694 2837 772 in
2892 705 3008 771 his

621 805 1164 872 coniunctionibus
1218 807 1521 873 maiorem
1586 829 1792 893 aequo
1852 809 2163 876 cernimus
2225 808 2417 873 animi
2485 807 3002 872 commotionem.

620 906 720 970 Ex
763 926 887 990 quo
939 905 1209 971 efficitur
1273 912 1342 981 ut
1404 908 1486 973 ad
1543 909 1738 975 animi
1793 915 2036 974 tantum
2101 907 2599 973 moderationem
2641 908 2843 973 verba
2881 905 3007 971 illa

620 1006 908 1071 instituta
934 998 1265 1071 credamus
1290 1008 1373 1072 ab
1403 1009 1669 1093 ipsoque
1700 1010 1979 1097 carmine
2010 1008 2492 1091 distinguamus.
2538 1006 3004 1090 Perpulchrum

626 1107 810 1171 huius
852 1105 943 1171 rei
970 1107 1326 1190 exemplum
1349 1108 1411 1171 in
1439 1108 1656 1174 Persis
1702 1115 1799 1174 est
1841 1116 1987 1173 ante
2030 1109 2357 1173 Stasimum
2402 1106 2777 1189 secundum3
2823 1105 3007 1170 aliud

623 1206 773 1271 item
816 1204 880 1269 in
911 1208 1388 1288 Agamemnone
1431 1214 1578 1274 ante
1622 1211 1952 1274 stasimum
1994 1208 2263 1294 primum
2308 1209 2446 1292 ipse
2472 1205 2808 1289 Westphal
2836 1204 3005 1269 indi-

622 1306 792 1371 cavit
853 1300 978 1369 non
1049 1305 1399 1372 observans
1461 1308 1980 1394 interpretatione
2035 1328 2154 1373 sua
2213 1308 2368 1373 nihil
2428 1326 2571 1372 csse
2628 1306 2847 1372 utilius
2910 1304 3030 1369 ad-

620 1426 798 1472 suam
843 1404 1045 1489 ipsius
1088 1406 1626 1474 confirmationem
1672 1408 2037 1474 diluendam
2062 1408 2136 1491 1).

1058 1642 1063 1647 .
1179 1589 1247 1657 c.
1293 1591 1377 1657 De
1420 1593 1609 1659 tertio
1655 1608 1885 1676 uenere
1929 1590 2447 1660 coniunctionum.

787 1720 1050 1786 Praeter
1085 1720 1204 1786 has
1250 1743 1409 1805 quas
1451 1725 1956 1790 enumeravimus
1991 1722 2464 1790 coniunctiones
2497 1721 2751 1788 tertium
2794 1738 3004 1804 genus

622 1821 935 1886 invenitur
992 1822 1498 1888 coniunctionum
1562 1825 2082 1906 dramaticarum;
2156 1825 2382 1908 quibus
2444 1843 2569 1888 non
2635 1829 2767 1886 tam
2831 1820 3014 1885 actio'

624 1921 881 1987 chorica
928 1940 1067 1987 cum
1112 1923 1410 1988 scaenica
1461 1931 1524 1990 et
1580 1945 1769 1991 versa
1826 1925 1968 1991 vice
2021 1924 2422 2008 coniungitur
2473 1942 2662 2006 quam
2708 1920 3008 2003 singulae

626 2041 901 2087 scaenae
947 2023 1109 2086 inter
1151 2043 1221 2087 se
1261 2043 1467 2089 nexae
1508 2032 1670 2091 sunt.
1747 2026 1980 2090 Earum
2023 2045 2175 2091 usus
2219 2024 2390 2109 apud
2434 2023 2819 2106 Aeschylum
2863 2019 3004 2084 nul-

623 2123 742 2203 lus,
788 2120 958 2205 apud
1002 2121 1369 2203 Sophoclem
1413 2112 1512 2190 his
1556 2125 1745 2191 locis:

791 2224 846 2286 1.
890 2222 1110 2286 Aiacis
1151 2223 1275 2290 813
1303 2243 1364 2288 s:
1408 2218 1534 2290 duo
1578 2227 1858 2289 trimetri
1896 2224 2185 2289 iambici:
2246 2229 2395 2309 post
2448 2222 2798 2287 discessum
2840 2219 3004 2284 Tec-

621 2340 874 2387 messae
937 2321 1132 2387 choro
1199 2325 1282 2388 ab
1344 2325 1671 2390 orchestra
1734 2325 2007 2389 abeunte
2075 2324 2238 2389 haec
2301 2323 2461 2387 dixit
2523 2323 2679 2387 dux:
2758 2326 3005 2405 χωρεῖν

623 2417 907 2503 ἑτοῖμος,
953 2419 1073 2487 κού
1116 2422 1289 2512 λόγῳ
1334 2425 1534 2502 δείξω
1566 2424 1797 2507 μόνον.
1839 2422 2041 2507 τάχος
2073 2426 2201 2507 γὰρ
2237 2421 2435 2509 ἔργον
2480 2425 2592 2487 καὶ
2617 2421 2853 2487 ποδῶν
2886 2413 3004 2501 ἅμ’
3059 2504 3070 2512 ο

622 2517 886 2604 ἕψεται.
973 2520 1153 2598 Quae
1212 2525 1408 2588 verba
1470 2545 1617 2590 num
1676 2532 1846 2590 recte
1890 2525 2437 2591 coniunctionibus
2480 2520 2846 2586 dramaticis
2889 2517 3004 2582 ad-

623 2627 1025 2686 numerentur
1079 2622 1199 2687 etsi
1258 2622 1530 2688 dubitari
1590 2624 1772 2707 licet,
1845 2631 2058 2689 tamen
2120 2624 2417 2706 quoniam
2477 2612 2764 2687 discessu
2820 2617 3003 2684 chori

622 2720 924 2799 transitus
964 2721 1147 2805 quasi
1204 2722 1274 2787 fit
1316 2722 1401 2788 ad
1456 2724 1859 2807 soliloquium
1903 2724 2155 2803 Aiacis,
2223 2724 2487 2808 aequius
2546 2721 2881 2788 videbatur
2932 2718 3000 2783 in

621 2823 844 2887 harum
887 2823 1109 2906 reponi
1151 2843 1431 2912 numero,
2060 2829 2066 2837 ‘

786 2923 848 2989 2.
889 2923 1243 3009 Antiqonae
1283 2924 1408 2992 526
1445 2943 1540 2989 ss:
1605 2926 1996 3009 anapaestici
2054 2930 2351 3008 quattuor
2394 2921 2641 2990 dimetri
2709 2926 2772 2985 et
2836 2936 3003 2984 unus

621 3029 1013 3115 monometer
1058 3024 1121 3107 (1
1171 3026 1388 3107 syst.):
1430 3030 1578 3108 post
1623 3024 1894 3109 episodii
1935 3023 2197 3089 secundi
2241 3042 2538 3089 scaenam
2578 3020 2845 3107 primam
2888 3018 3003 3082 ad-

604 3131 851 3188 ·ventus
903 3123 1194 3189 Ismcnae
1250 3144 1292 3190 a
1346 3125 1520 3190 chori
1577 3125 1737 3191 duce
1792 3128 2144 3190 nuntiatur:
2213 3127 2326 3189 καὶ
2376 3122 2505 3208 μὴν
2572 3121 2705 3205 πρὸ
2771 3120 3005 3185 πυλῶν

511 3255 516 3260 ·
624 3220 728 3309 ἥδ’
763 3221 1017 3318 Ἰσμήνη
1061 3225 1189 3291 κτλ..

791 3324 851 3390 3.
894 3323 1250 3409 Antiqonae
1285 3324 1443 3391 1257
1466 3344 1561 3389 ss:
1588 3330 1903 3407 ‘quattuor
1945 3324 2193 3390 dimetri
2243 3326 2307 3405 (1
2351 3322 2538 3406 syst.)
2581 3319 3006 3404 anapaestici:

626 3429 774 3508 post
816 3423 1004 3487 exodi
1048 3443 1349 3489 scaenam
1394 3424 1739 3509 secundam
1787 3421 2100 3491 adventus
2140 3425 2290 3489 item
2336 3420 2656 3487 Creontis:
2719 3422 2835 3505 κᾳὶ
2872 3417 3004 3503 μὴν

625 3518 730 3589 δ’δ’
773 3522 949 3600 ἅναξ
988 3520 1192 3600 αὐτὸς
1233 3520 1466 3609 ἐφήκει
1507 3526 1665 3591 κτλ·

774 3731 829 3796 1)
867 3728 1091 3798 Proleg.
1133 3721 1254 3785 1'18.
1315 3728 1432 3784 Der
1468 3728 1618 3785 chor
1652 3727 1803 3784 steht
1838 3743 1965 3782 zun
1984 3725 2190 3782 achst
2225 3731 2390 3781 unter
2424 3720 2550 3779 dem
2589 3720 2872 3778 Eindruck
2905 3720 3007 3777 der

625 3815 924 3888 freudigen
975 3816 1280 3872 Nachricht
1331 3834 1461 3873 vom
1510 3817 1678 3888 Siege
1734 3817 1837 3872 des
1886 3816 2278 3885 Agamemnon
2330 3813 2473 3870 liber
2533 3811 2624 3867 die
2670 3810 3002 3866 Priamiden.

626 3905 802 3962 Unter
837 3905 1046 3962 diesem
1085 3905 1404 3961 Eindrucke
1451 3906 1577 3962 sind
1633 3904 1777 3960 auch
1815 3905 1908 3960 die
1946 3906 2135 3961 Worte
2184 3902 2287 3959 des
2324 3901 2562 3957 Dankes
2606 3913 2679 3956 an
2718 3901 2859 3970 Zeus
2895 3899 3006 3954 den

627 3995 854 4065 Koenig
888 3994 944 4049 in
984 3994 1093 4051 den
1129 3994 1235 4054 das
1270 3996 1549 4051 Stasimon
1585 3993 1962 4051 einleitenden
2000 3995 2369 4061 Anapaesten
2407 3989 2780 4061 gesprochen.
2847 3988 3007 4042 Aber

530 4092 533 4095 ⁴
627 4083 722 4139 bei
759 4083 884 4138 dem
921 4082 1033 4139 tief
1062 4083 1384 4154 tragischen
1421 4084 1601 4153 Touo,
1642 4082 1742 4140 der
1775 4080 1952 4137 durch
1991 4081 2097 4137 das
2133 4096 2314 4151 ganze
2340 4079 2513 4135 Sttick
2549 4078 2684 4140 sich
2706 4074 3006 4131 hindurch·

627 4172 803 4240 zieht‚
853 4173 931 4227 ist
965 4187 1027 4227 es
1063 4173 1216 4227 nicht
1252 4173 1468 4229 sowohl
1503 4172 1594 4228 die
1630 4167 2007 4241 Empfinduug
2045 4169 2149 4225 des
2188 4167 2598 4239 Siegesjubels‚
2645 4164 2861 4221 welche
2896 4164 3008 4219 den

628 4255 780 4338 Chor
814 4259 1159 4329 beherrscht,
1196 4261 1284 4317 als
1322 4261 1594 4317 vielmehr
1629 4261 1729 4317 der
1765 4260 2016 4317 ethische
2056 4259 2347 4322 Gedanke,
2386 4257 2521 4313 dass
2558 4256 2650 4310 die
2680 4253 3008 4323 Gerechtig—

627 4343 750 4405 keit
785 4349 1037 4420 gesiegt,
1091 4349 1225 4405 dass
1262 4347 1404 4406 Zeus
1443 4365 1547 4404 am·
1569 4349 1874 4407 Verriither
1908 4349 2067 4404 Paris
2117 4347 2208 4404 die
2257 4345 2513 4403 endliche
2549 4344 2743 4400 Rache
2782 4358 3011 4414 genom-

630 4454 756 4496 men
801 4438 915 4494 hat.
991 4440 1126 4495 Dies
1180 4438 1396 4508 spricht
1448 4439 1571 4495 sich
1622 4437 1801 4496 schon
1846 4453 1944 4494 am
1994 4436 2286 4493 Schluss
2340 4436 2446 4512 der
2482 4437 2858 4503 Anapaesten
2908 4446 3012 4487 aus

629 4528 741 4587 und
781 4527 884 4584 auf
914 4527 1221 4585 denselbeu
1256 4527 1571 4585 Gedanken
1609 4524 1737 4584 sind
1774 4526 1869 4583 die
1908 4525 2184 4597 Strophen
2223 4521 2330 4581 des
2370 4523 2692 4581 Ohorliedes
2726 4521 2925 4577 basirt.
