3267 5450
747 520 789 587 8
1265 536 1313 577 0.
1354 523 1396 578 Ι.
1458 521 1557 578 ‘De
1594 521 1927 578 carminibus
1965 519 2120 578 chori
2154 520 2573 594 principalibus.

751 687 1026 753 Primum
1085 682 1323 754 autem·
1357 689 1710 774 episodium
1765 691 1928 756 inter
1991 690 2296 773 parodum
2358 696 2421 755 et
2461 688 2787 757 stasimum
2829 690 3113 775 primum

747 790 1092 856 interiacet.
1164 789 1450 856 Parodus
1492 810 1647 875 ergo
1691 792 1881 856 etiam
1921 791 2257 857 Aristotele
2303 795 2560 856 auctore
2602 790 2907 856 dramatis
2950 810 3115 876 pars

750 899 847 956 est
892 891 1111 955 clausa
1153 896 1216 956 et
1257 891 1609 956 terminata.
1694 890 2060 959 Nammov
2101 891 2259 956 nihil
2301 890 2473 955 aliud
2517 890 2965 975 adsignificare
3010 897 3113 956 at·

751 1010 872 1073 que
924 997 1121 1056 totum
1180 992 1510 1057 rotundum
1565 992 1629 1056 in
1689 1011 1758 1058 se
1814 1000 2109 1058 constans
2173 993 2295 1056 iam
2352 992 2736 1058 Schmidtius
2778 991 3114 1057 Reinkens

751 1091 861 1157 alii
916 1091 1188 1157 fortasse
1246 1099 1392 1157 ante
1446 1112 1558 1158 eos
1614 1093 2044 1158 observarunt.
2129 1091 2206 1157 Id
2250 1091 2419 1174 quod
2479 1112 2620 1158 eum
2674 1094 2813 1158 luce
2871 1093 3116 1158 clarius

750 1193 833 1257 sit
872 1193 963 1257 ita
1003 1198 1070 1256 ut
1113 1180 1663 1258 demonstrationis
1707 1213 1828 1258 non
1877 1191 2193 1275 indigeat,
2238 1212 2351 1277 per
2393 1192 2545 1257 mihi
2589 1193 2812 1259 mirum
2855 1193 3115 1259 videtur

753 1313 877 1358 non
923 1300 1052 1356 tam
1096 1290 1264 1374 quod
1288 1280 1443 1357 'sunt
1484 1293 1589 1376 qui
1634 1292 2065 1358 demonstrare
2114 1298 2415 1359 conentur
2444 1312 2630 1376 quam
2677 1293 2845 1376 quod
2889 1294 3115 1377 plures
3211 1351 3218 1357 .

752 1393 1047 1478 deinceps
1092 1392 1171 1458 de
1210 1391 1433 1458 eadem
1478 1414 1544 1458 re
1587 1394 1906 1458 disserunt
1946 1393 2072 1459 alio
2117 1394 2308 1458 alium
2352 1413 2478 1458 non
2517 1394 2912 1478 respiciente.
2979 1393 3112 1457 Te-

752 1494 1022 1560 nendum
1067 1501 1168 1559 est
1193 1493 1384 1578 igitur
1425 1495 1515 1559 ita
1557 1513 1701 1559 esse
1745 1494 2157 1577 compositam
2186 1494 2493 1579 parodum
2533 1501 2616 1560 ut·
2641 1493 2925 1559 membra
2967 1493 3115 1557 01118

748 1595 965 1661 omnia
1017 1602 1168 1679 apta
1220 1594 1382 1659 inter
1425 1613 1494 1659 se
1548 1595 1675 1659 sint
1728 1601 1791 1659 et
1846 1594 2300 1660 convenientia.
2345 1594 2529 1672 ·Qua
2571 1597 2634 1660 in
2677 1614 2744 1659 re
2789 1594 2843 1658 si
2898 1594 3112 1660 eonsi-

752 1704 1008 1775 stemuS‚
1055 1695 1298 1779 sperari
1340 1714 1529 1780 posse
1570 1694 1818 1760 videtur
1861 1693 1996 1760 fore
2019 1702 2107 1760 ,111
2148 1696 2382 1761 veritas
2426 1702 2729 1780 emergat.

914 1798 1117 1879 Atque
1151 1795 1418 1880 primum
1462 1795 1758 1878 quoniam
1803 1794 1881 1861 de
1908 1794 2137 1861 finibus
2182 1817 2396 1862 earum
2424 1797 2955 1882 parodorum‘non
2992 1815 3111 1879 po-

750 1905 872 1964 test
910 1896 1181 1964 dubitari
1218 1915 1380 1979 quae
1404 1916 1529 1961 uno
1556 1896 1730 1962 chori
1759 1897 2035 1962 carmine
2068 1898 2932 1980 eontinenturnonnunquam
2961 1916 3111 1962 cum

752 1998 1039 2064 versibus
1083 1997 1508 2080 anapaesticis
1553 1997 1914 2079 coniuncto,
1959 1999 2023 2062 in
2067 2017 2281 2062 earum
2323 1998 2506 2063 initia
2550 2006 2612 2063 et
2652 1998 2856 2063 exitus
2897 1996 3111 2079 inqui-

754 2101 1013 2165 rendum
1059 2106 1154 2163 est
1198 2117 1361 2180 quae
1408 2099 1819 2164 commaticae
1864 2099 2068 2163 solent
2109 2099 2438 2184 appellari,
2485 2100 2705 2181 quales
2751 2105 2896 2164 sunt
2933 2117 3109 2180 quae

753 2206 970 2265 extant
1010 2199 1076 2263 in
1119 2197 1421 2282 Aeschyli
1463 2199 1839 2264 Prometheo
1884 2209 1947 2264 et
1991 2200 2055 2263 in
2100 2199 2400 2283 Sophocli
2458 2198 2709 2267 Electra
2751 2199 3113 2265 Philocteta

755 2299 1002 2383 Oedipo
1026 2299 1305 2365 Coloneo
1336 2296 1419 2381 et,
1461 2298 1540 2364 de
1585 2300 1810 2382 quibus
1853 2300 1976 2365 hoc
2017 2302 2158 2366 1000
2201 2320 2326 2365 11011
2374 2301 2494 2365 11181
2540 2299 2893 2365 summatim
2935 2298 3103 2365 dice·

750 2401 977 2483 tur,=in
1022 2399 1310 2465 undecim
1355 2398 1587 2465 fabulis
1633 2399 1972 2486 Euripidis.
2062 2402 2156 2466 Ex
2203 2401 2428 2484 quibus
2470 2419 2598 2466 una
2640 2419 2803 2484 quae
2847 2401 2911 2464 in
2955 2400 3108 2464 Phi-

751 2502 986 2568 locteta
1027 2499 1336 2586 reperitur
1381 2500 1776 2566 excludenda
1820 2508 1915 2567 est
1957 2502 2103 2567 item
2137 2521 2262 2567 non
2311 2501 2583 2567 afferens
2628 2495 3107 2566 dubitationem.

920 2601 1226 2667 Caeterae
1284 2601 1536 2684 quando
1600 2601 1782 2667 initia
1845 2602 2103 2686 capiant
2167 2603 2294 2668 iam
2362 2601 2766 2667 disseramus.
2852 2601 2937 2666 At
2979 2621 3107 2667 non

759 2722 918 2788 opus
959 2707 1072 2782 est,
1116 2721 1264 2767 nam
1307 2708 1451 2783 post
1470 2704 1775 2787 prologos
1818 2703 2027 2770 finitos
2063 2700 2415 2788 dequibus
2457 2702 2615 2769 nihil
2648 2702 2962 2784 dubitetur
3005 2724 3114 2770 110-
3237 2688 3267 2745 3

758 2823 862 2870 1110
904 2823 1030 2869 11011
1072 2803 1246 2870 videt
1311 2804 1599 2888 occipere
1655 2806 1951 2889 parodos.
2036 2809 2293 2888 Fateor,
2351 2805 2417 2870 id
2459 2805 2625 2871 enim
2668 2803 2820 2869 mihi
2866 2823 3118 2887 quoque

758 2923 1132 2990 persuasum
1191 2911 1315 2985 est,
1351 2900 1501 2970 'sed
1568 2908 1864 2989 quoniam
1925 2914 2069 2973 sunt
2126 2907 2230 2989 qui
2288 2904 2619 2972 monodias
2677 2912 2824 2989 post
2864 2904 3119 2989 prologi

761 3005 995 3071 exitum
1037 3003 1117 3070 de
1145 3023 1379 3069 scaena
1415 3013 1703 3072 cantatas
1747 3027 1788 3072 a
1828 3007 2086 3092 parodis
2129 3004 2556 3074 excludendas
2597 3013 2914 3086 censeant,
2960 3024 3120 3071 non·

761 3106 937 3171 nulla
979 3103 1058 3170 de
1102 3105 1230 3170 illis
1276 3106 1538 3172 canticis
1579 3107 1918 3174 subiciam..

836 3257 849 3268 .
925 3207 1130 3289 Atque
1186 3204 1345 3271 duas
1398 3226 1538 3273 esse
1593 3227 1824 3273 causas
1878 3208 2148 3273 arbitror
2206 3226 2314 3271 eur
2374 3205 2705 3272 monodias
2745 3226 2802 3296 ¹a
2854 3204 3122 3291 parodis

762 3306 1196 3400 segregandas
1239 3326 1562 3391 negemus.
1593 3388 1597 3395 Ι
1629 3309 1848 3373 Altera
1889 3307 2097 3391 posita
2141 3314 2236 3372 est
2282 3307 2345 3371 in
2390 3306 2763 3390 tragoediae
2804 3295 3124 3372 divisione

765 3408 1149 3488 Aristotelia,
1196 3426 1321 3489 qua
1364 3407 1518 3502 satis
1562 3407 1837 3475 dilucide
1868 3409 2165 3474 docemur
2208 3428 2331 3472 non
2376 3427 2515 3472 esse
2542 3413 2708 3474 totas
2744 3406 3123 3490 tragoediae

765 3516 980 3593 partes
1017 3507 1137 3572 nisi
1172 3508 1473 3593 prologos
1517 3509 1809 3594 episodia
1843 3509 2115 3576 ehoriea.
2176 3508 2493 3592 Illa‘ergo
2538 3506 2675 3572 α’πό
2720 3514 2950 3592 σκηνῆς
2992 3528 3125 3574 11011

769 3608 980 3691 magis
1023 3615 1193 3676 totae
1255 3616 1470 3692 partes
1529 3609 1900 3693 tragoediae
1955 3610 2098 3676 duci
2163 3616 2427 3696 possunt
2467 3628 2656 3691 quam
2700 3610 2958 3675 commi:
3039 3609 3127 3675 de

767 3709 993 3793 quibus
1051 3709 1452 3775 Arnoldtium·
1513 3712 1806 3776 conferas
1877 3710 2285 3775 disserentem
2347 3710 2412 3773 in
2470 3708 2654 3774 Chor.
2712 3709 3003 3776 Technik
3058 3710 3125 3778 d.

767 3810 982 3894 Eurip.
1025 3810 1125 3877 43.
1208 3809 1471 3876 Accedit
1515 3810 1685 3892 quod
1724 3811 2084 3876 Aristotelis
2129 3811 2375 3894 prologi
2419 3809 2779 3876 definitione
2826 3809 3125 3895 prohibe-

769 3931 905 3986 mur
948 3909 1278 3992 quominus
1333 3912 1665 3976 monodias
1720 3912 2146 3977 existimemus
2205 3909 2576 3994 tragoediae
2618 3917 2832 3995 partes
2877 3910 3125 3995 perfec·

769 4018 870 4078 tas
913 4017 1097 4093 atque
1153 4010 1501 4077 conclusas.
1586 4012 1759 4077 Dicit
1821 4012 1983 4078 enim
2043 4012 2150 4077 ille
2216 4011 2405 4078 haec:
2484 4008 2619 4077 ἔστι
2675 4011 2750 4077 δὲ
2796 4010 3127 4095 πρόλογος

708 4116 711 4122 ’
769 4114 893 4198 μὲν
919 4116 1114 4197 μέρος
1150 4109 1308 4177 ὅλον
1331 4112 1699 4200 τραγῳδίας
1726 4113 1800 4177 τὸ
1825 4114 1953 4195 πρὸ
1985 4120 2189 4197 χοροῦ
2220 4112 2544 4197 παρόδου.
2590 4111 2875 4177 Parodus
2912 4120 3128 4177 autem

770 4213 894 4277 hoc
960 4213 1100 4277 loeo
1164 4211 1319 4276 nihil
1389 4212 1562 4278 aliud
1630 4212 1876 4279 videtur
1934 4211 2292 4296 significare
2317 4212 2470 4277 =nisi
2535 4212 2853 4277 introitum
2924 4211 3127 4278 chori.

773 4313 993 4377 Altera
1036 4330 1252 4391 causa,
1297 4331 1461 4394 quae
1508 4312 1662 4378 mihi
1708 4312 1960 4395 quidem
2004 4314 2146 4397 plus
2188 4314 2376 4393 valet,
2426 4312 2569 4397 ipsa
2610 4312 2856 4377 illorum
2902 4313 3130 4379 carmi-

775 4433 920 4478 num
969 4412 1424 4495 compositione
1468 4397 1855 4479 eontinetur.'
1902 4414 1998 4479 lta
2040 4414 2204 4479 enim
2249 4432 2329 4478 ea
2357 4419 2501 4477 sunt
2541 4431 2989 4495 nonnunquam
3032 4413 3127 4479 in·

776 4519 1012 4579 structa
1055 4517 1123 4578 ut
1163 4530 1287 4581 non
1331 4513 1395 4580 in
1439 4532 1509 4579 80
1553 4520 1857 4593 constent,
1900 4512 2015 4580 sed
2058 4533 2198 4580 cum
2242 4519 2429 4581 cantu
2464 4513 2571 4599 qui
2615 4513 2894 4599 sequitur
2933 4533 3128 4586 unum
