3267 5450
1650 813 2088 898 Addenda.

851 1012 1114 1080 Tabulis
1176 1010 1458 1095 exceptis
1524 1011 1696 1096 typis
1760 1012 1887 1078 iam
1943 1019 2081 1078 erat
2136 1033 2405 1080 excussa
2457 976 2619 1080 haec
2681 1014 3041 1099 disputatio,

687 1137 827 1182 cum
892 1112 1150 1180 Ricardi
1194 1112 1511 1177 Arnoldtii
1571 1114 2157 1179 commentationem
2215 1115 2433 1198 accepi
2494 1114 2574 1178 de
2638 1116 2840 1182 choro
2883 1117 3042 1199 Aga-

689 1215 1038 1282 memnonis
1083 1213 1516 1306 conscriptam⁴
1549 1215 1710 1299 (Der
1754 1213 1923 1279 Chor
1963 1215 2048 1279 im
2091 1216 2164 1280 A.
2213 1215 2325 1280 des
2358 1214 2712 1300 Aeschylus
2760 1216 3042 1282 scenisch
3176 1226 3187 1237 ”

683 1318 999 1396 οτΙέῑιιῐει-ι,
1041 1314 1230 1379 Halle
1259 1314 1464 1388 1881).
1509 1314 1793 1391 Quocum
1819 1316 1988 1398 quod
2020 1315 2445 1382 consenserim
2477 1335 2614 1381 cum
2645 1316 2724 1382 de
2755 1318 3042 1382 omnibus

691 1418 825 1484 fere
871 1436 1034 1499 quae
1075 1414 1260 1480 nobis
1306 1434 1665 1481 communes
1722 1422 1903 1481 erant
1946 1416 2453 1500 quaestionibus,
2516 1423 2646 1481 tum
2699 1419 3043 1502 praecipue

684 1518 766 1584 de
809 1516 1230 1602 hypermetris
1274 1516 1700 1600 anapaesticis
1743 1535 1784 1578 a
1825 1517 2103 1583 stasimis
2146 1516 2568 1601 segregandis
2608 1537 2853 1602 magno
2897 1539 3042 1602 gau·

560 1692 565 1697 ,
684 1619 793 1685 dio
837 1638 938 1684 me
982 1615 1170 1682 adfici
1216 1615 1532 1682 confiteor.
1619 1617 1797 1694 Quae
1841 1620 2005 1682 enim
2062 1617 2285 1684 eadem
2328 1619 2432 1683 vel
2475 1618 2706 1683 similia
2748 1619 2840 1683 ab
2885 1626 3044 1685 utro-

682 1739 802 1802 que
844 1724 1126 1784 nostrum
1170 1718 1391 1783 eodem
1434 1717 1570 1783 fere
1611 1723 1893 1802 tempore
1936 1724 2188 1802 reperta
2230 1725 2374 1783 sunt
2417 1739 2543 1784 non
2587 1719 2777 1784 facile
2813 1739 2857 1784 a
2899 1738 3044 1802 quo-

681 1841 868 1904 quam
912 1824 1207 1904 poterunt
1246 1810 1558 1884 contemni
1597 1838 1674 1883 ac
1711 1820 1987 1903 neglegi.
2050 1820 2255 1897 Quam
2297 1826 2506 1885 autem
2541 1819 2825 1885 habeant
2866 1819 3045 1885 dissi-

678 1921 1092 1987 militudinem
1148 1918 1413 1984 stasima
1469 1939 1508 1983 a
1561 1919 1848 1986 versibus
1914 1920 2339 2004 anapaesticis
2398 1922 2499 2004 qui
2563 1920 2674 1984 illa
2735 1940 3044 2004 praegre-

676 2022 927 2089 diuntur
966 2022 1066 2086 his
1106 2020 1318 2087 verbis
1362 2019 1629 2085 Arnoldt
1671 2039 1733 2103 p.
1775 2020 1858 2088 28
1903 2022 2405 2106 comprehendit,
2470 2021 2847 2105 quibuscum
2897 2041 3043 2087 con-

679 2124 852 2190 feras
897 2142 1060 2206 quae
1085 2121 1218 2186 dixi
1262 2120 1342 2186 de
1386 2121 1585 2186 altero
1628 2140 1862 2204 genere
1907 2123 2436 2189 coniunctionum:
2486 2121 2920 2188 Verschieden
2964 2121 3046 2187 ist

678 2223 1003 2304 hiernach,
1049 2222 1169 2288 wie
1215 2221 1330 2285 wir
1371 2220 1644 2286 deutlich
1681 2221 2021 2304 erkennen,
2064 2224 2128 2287 in
2168 2222 2289 2288 den
2310 2221 2590 2311 Stasima
2630 2221 2760 2287 und
2808 2223 2878 2287 in
2923 2223 3043 2288 den

683 2323 1220 2409 anapaestischen
1264 2321 1689 2406 Hypermetra
1744 2322 1866 2387 wie
1908 2323 2027 2388 das
2070 2323 2362 2406 Mettum,
2426 2343 2498 2388 so
2557 2323 2720 2388 auch
2778 2323 2888 2390 die
2931 2325 3046 2389 Art

680 2425 796 2490 des
839 2425 1215 2507 Vortrages:
1283 2421 1426 2486 dort
1479 2421 1775 2504 melisch,
1832 2422 1968 2488 hier
2020 2423 2607 2515 melodramatisch,
2669 2425 2886 2492 semer
2940 2425 3043 2490 die

677 2525 1122 2607 Darstellung:
1168 2523 1311 2588 dort
1354 2522 1833 2606 vollstimmiger
1881 2522 2066 2604 Chor,
2111 2525 2248 2590 hier
2290 2525 2403 2610 der
2435 2525 2843 2603 Chorfflhrer,
2891 2525 3042 2590 end-

674 2625 801 2692 lich
846 2624 948 2690 die
973 2624 1397 2707 Behandlung
1436 2623 1549 2688 des
1575 2624 1854 2688 Inhalts:
1900 2624 2042 2690 dort
2061 2624 2472 2710 Ausfflhrung
2502 2626 2677 2691 eines
2714 2626 3041 2691 bestimm-

671 2734 778 2794 ten
825 2727 1189 2810 Gesanges,
1248 2726 1385 2790 hier
1426 2724 1530 2791 die
1573 2724 2040 2810 Aufforderung
2081 2725 2262 2793 dazu.
2349 2727 2492 2793 Und
2535 2748 2718 2793 wenn
2760 2729 2934 2795 auch
2978 2728 3041 2792 in

542 2867 547 2878 ·
674 2830 787 2894 der
843 2829 1073 2893 letzten
1110 2826 1475 2910 Beziehung
1527 2824 1630 2890 die
1673 2824 2089 2910 Ausfuhrung
2142 2827 2255 2892 des
2298 2828 2601 2910 Gebetes,
2667 2829 2782 2893 der
2824 2829 3038 2913 Klage

673 2929 870 3006 ofters
912 2928 976 2993 in
1022 2928 1145 2992 den
1186 2928 1595 3011 Anapaesten
1640 2927 1849 2991 selber
1900 2927 2095 2991 sehon
2157 2928 2461 2995 teilweise
2503 2928 2892 3012 stattfindet,
2968 2948 3035 2994 so

680 3029 1015 3114 geschieht
1055 3028 1171 3093 das
1230 3028 1392 3093 doch
1450 3027 1512 3092 in
1570 3026 1772 3111 vollig
1826 3027 2094 3093 anderer
2135 3028 2345 3094 Weise
2403 3030 2501 3094 als
2540 3031 2607 3095 in
2649 3029 2792 3096 dem
2839 3049 3036 3113 ange-

677 3131 1090 3196 schlossenen
1135 3128 1488 3194 Stasimon:
1545 3127 1684 3193 hier
1725 3128 1992 3213 lyrisch,
2037 3130 2356 3213 bewegter
2398 3130 2524 3195 und
2568 3130 3035 3213 ausgefflhrter,

672 3231 816 3297 dort
840 3231 1019 3296 mehr
1060 3229 1438 3313 dialogisch,
1484 3228 1711 3295 kflrzer
1755 3229 1881 3294 und
1905 3233 2227 3313 praeciser
2274 3283 2286 3297 .
2333 3280 2349 3295 .
2397 3280 2411 3295 .
2479 3229 2632 3306 ,Wir
2671 3230 3038 3314 empfinden

671 3352 740 3398 es
787 3331 1051 3411 lebhaft,
1098 3330 1248 3395 dass
1292 3329 1407 3393 wir
1450 3349 1566 3394 uns
1610 3329 1713 3395 bei
1744 3329 1881 3395 ·den
1906 3331 2312 3415 Anapaesten
2353 3330 2517 3395 noch
2555 3331 2619 3395 in
2662 3332 2837 3396 einer
2878 3351 3037 3417 pars

674 3432 970 3498 scaenica
1018 3430 1347 3509 befinden,
1412 3431 1526 3494 mit
1567 3430 1711 3497 dem
1755 3431 2003 3515 Beginn
2046 3431 2159 3496 des
2200 3430 2554 3507 Stasimons
2607 3433 2758 3497 aber
2813 3432 2877 3498 in
2927 3432 3036 3497 die

677 3552 828 3617 pars
870 3532 1214 3615 thymelica
1254 3537 1526 3598 versetzt
1565 3531 1842 3599 werden.

841 3632 1352 3716 Corrigenda
1417 3639 1561 3699 sunt
1614 3632 1917 3698 nonnulla
1970 3633 2036 3697 in
2095 3632 2317 3717 primav
2354 3632 2650 3715 plagula,
2714 3651 2904 3715 quam
2965 3638 3036 3697 ut

672 3735 896 3800 iterum
939 3733 1350 3818 inspicerem,
1414 3733 1575 3824 sicut
1618 3734 2064 3818 expectabam,
2132 3754 2256 3798 non
2301 3731 2580 3816 contigit.
2666 3731 3033 3817 Scripturas

672 3836 837 3901 enim
882 3855 1054 3901 eram
1097 3834 1430 3917 aliquoties
1469 3853 1879 3917 numquam
1930 3834 2181 3916 similia,
2225 3834 2373 3899 item
2418 3831 2576 3901 coni.
2622 3833 2864 3918 imperf.
2910 3854 3032 3918 pro

628 4018 632 4021 Α
670 3956 902 4021 praes„
946 3937 1120 4001 velut
1164 3935 1377 4016 13,14,
1422 3940 1485 3998 et
1527 3935 1885 4001 variaturus
1926 3936 2123 4002 verba
2164 3954 2326 4018 quae
2369 3938 2514 3999 sunt
2554 3936 2684 4017 5‚2;
2746 3935 2879 4017 7‚1;
2925 3936 3029 4015 12,

671 4037 769 4105 12.
857 4038 979 4101 Pro
1038 4035 1222 4101 falsis
1280 4045 1611 4118 praeterea
1668 4034 1808 4115 lege
1862 4036 1949 4102 sis
1987 4033 2129 4112 6,'12
2191 4042 2254 4101 et
2296 4036 2439 4116 15‚8
2491 4055 2677 4102 vero
2733 4036 2814 4100 sit
2856 4034 3028 4100 absi-

668 4138 849 4219 mile3
895 4137 1040 4220 9,16
1080 4135 1425 4217 Troadum3
1493 4135 1636 4217 13‚4
1675 4137 1897 4218 liceat3
1966 4138 2149 4220 1633
2194 4136 2527 4221 praecipit3
2574 4135 2757 4215 1627
2796 4135 3026 4217 setius;

668 4227 854 4321 1637
897 4237 1197 4318 substitit3
1261 4237 1446 4319 49,11
1492 4256 1839 4322 exponere3
1899 4239 2081 4319 53‚11
2124 4239 2318 4321 inter3
2385 4238 2571 4321 595,ss
2614 4235 3027 4321 Apollinis

669 4359 721 4407 e.
769 4340 996 4420 choro,·
1045 4337 1257 4422 (31,32
1283 4337 1686 4424 perspicuum
1729 4357 1870 4404 esse
1903 4345 2082 4422 puto;
2125 4339 2311 4420 49,18
2354 4338 2703 4421 arguerer).
