3267 5450
708 507 792 583 34
1375 533 1421 575 c.
1460 518 1530 575 11.
1568 517 1655 574 De
1695 517 1947 590 partibus
1985 518 2378 589 episodiorum.

872 684 978 748 IV.
1066 684 1448 767 Episodiu'm
1516 696 1807 774 quartum
1870 689 2218 757 788-984.
2320 690 2866 768 Quemadmodum
2948 690 3079 774 pri·

705 803 872 848 mum
922 785 1015 849 sic
1057 772 1180 851 Ιιόα
1222 789 1573 872 episodium
1620 811 1700 854 ex
1745 790 1991 855 duabus
2056 798 2303 885 constat
2356 790 2608 855 scaenis
2661 792 3077 873 generalibus

701 883 1124 951 interscaenio
1175 887 1267 965 (3.
1280 891 1308 971 )
1360 888 1679 970 seiunctis,
1723 911 1985 973 quarum
2011 893 2213 956 altera
2247 891 2407 956 duas
2436 889 2869 975 complectitur
2895 911 3076 956 scae·

701 1005 819 1050 nas
863 988 1249 1070 peculiares:
1281 993 1501 1074 prima
1544 1029 1625 1038 —
1666 992 1789 1059 877
1835 992 2270 1057 coniunctione
2315 992 2664 1056 dramatica
2697 1012 2836 1056 cum
2883 993 3074 1057 stasi-

701 1106 806 1151 mo
851 1087 1035 1152 tertio
1079 1087 1294 1154 iuncta
1338 1110 1416 1155 ex
1476 1092 1725 1156 actione
1784 1093 2071 1156 consistit
2113 1093 2444 1176 praeconis
2490 1101 2551 1157 et
2594 1093 2799 1173 chori,
2862 1095 3077 1159 altera

699 1224 782 1234 -
824 1188 949 1256 932
991 1208 1071 1253 ex
1112 1188 1285 1272 regis
1330 1197 1393 1255 et
1434 1192 1791 1275 praeconis.
1851 1193 2077 1276 Incipit
2118 1203 2324 1258 autem
2361 1193 2521 1259 haec
2562 1212 2797 1258 scaena
2832 1193 3076 1257 adven·

698 1293 766 1352 tu
823 1288 993 1371 regis
1050 1294 1115 1354 et
1163 1290 1462 1356 dividitur
1514 1292 1800 1358 discessu
1854 1293 2192 1377 praeconis
2246 1293 2310 1356 in
2365 1294 2709 1376 particulas
2773 1293 2948 1358 duas
2982 1293 3078 1357 ita

663 1392 767 1473 ‚ut
810 1388 1031 1452 ultima
1076 1390 1247 1473 regis
1288 1392 1485 1457 verba
1529 1413 1653 1457 non
1700 1394 2052 1476 praeconis,
2096 1394 2209 1458 sed
2253 1394 2427 1458 chori
2472 1395 2727 1459 auribus
2756 1396 2880 1457 sint
2920 1394 3072 1459 des-

697 1488 917 1552 tinata.
1004 1482 1076 1553 In
1122 1493 1308 1555 tertia
1353 1491 1627 1575 denique
1673 1512 1906 1558 scaena
1949 1532 2035 1541 —
2076 1494 2200 1561 980
2253 1502 2397 1579 post
2454 1494 2938 1559 interscaenium
2985 1532 3075 1543 —

697 1587 822 1655 946
864 1589 1126 1654 Danaus
1192 1591 1448 1657 chorum
1495 1592 1870 1677 adloquitur.
1962 1594 2082 1672 Qui
2128 1604 2422 1659 secuntur
2462 1602 2757 1678 quattuor
2799 1595 3072 1659 trimetri

696 1688 949 1755 iambici
987 1692 1333 1776 coryphaei
1376 1694 1439 1757 in
1473 1695 1980 1760 coniunctionum
2014 1695 2503 1760 dramaticarum
2533 1712 2795 1760 numero
2840 1697 2939 1776 (Β.
2973 1697 3069 1776 4.)

697 1809 736 1853 a
780 1809 879 1854 me
922 1792 1181 1875 repositi
1228 1800 1390 1858 sunt.
2938 1826 2943 1831 ·

859 1891 920 1957 3.
1005 1891 1271 1976 Septem.

856 1990 1168 2078 Proloqus
1212 1994 1417 2060 1-77
1460 1992 1618 2058 duas
1654 1995 1826 2079 capit
1860 2015 2147 2077 scaenae,
2194 2015 2454 2078 quarum
2488 1997 2692 2059 altera
2729 2032 2816 2041 —
2857 1995 2937 2061 38
2983 2014 3068 2059 ex

694 2091 937 2156 Eteocli
961 2091 1246 2159 oratione
1275 2095 1580 2176 consistit,
1627 2095 1831 2160 altera
1866 2134 1937 2141 -
1970 2095 2053 2163 77
2098 2116 2176 2161 ex
2223 2097 2420 2160 nuntii
2456 2103 2518 2161 et
2546 2095 2786 2160 Eteocli
2832 2094 3063 2160 oratio-

691 2191 897 2256 nibus.
984 2193 1294 2259 Processu
1339 2195 1539 2260 nuntii
1584 2196 1935 2279 episodium
1986 2198 2050 2261 in
2094 2198 2256 2262 duas
2302 2205 2513 2280 partes
2556 2196 2889 2277 dividitur,
2933 2196 3062 2260 dis·

695 2310 875 2359 eessu
924 2312 1159 2359 scaena
1201 2294 1481 2360 secunda
1523 2296 1693 2361 item.
1779 2334 1784 2341 -

856 2393 904 2456 Ι.
990 2392 1365 2476 Episodium
1414 2397 1698 2480 primum
1740 2396 2085 2464 165—269.
2184 2397 2328 2463 Una
2396 2416 2631 2462 scaena
2688 2396 2927 2461 Eteocli
3001 2403 3067 2460 et

692 2492 865 2558 chori
913 2495 1162 2561 actione
1209 2494 1548 2560 conficitur.

850 2593 933 2658 11.
1019 2594 1390 2680 Ispisodium
1430 2590 1768 2685 secundum
1809 2596 2158 2663 352-702.
2248 2596 2391 2661 Una
2449 2614 2684 2661 scaena
2740 2596 3065 2679 generalis

687 2693 750 2759 in
797 2693 956 2762 duas
1002 2698 1355 2782 peculiares
1402 2697 1723 2775 dividitur,
1768 2717 2029 2783 quarum
2076 2698 2396 2763 altera-—
2438 2697 2564 2765 6:55
2608 2716 2747 2762 cum
2795 2697 3063 2762 stasimo

683 2797 1087 2879 praecedenti
1133 2799 1573 2865 coniunctione
1619 2798 1973 2863 dramatica
2021 2801 2132 2879 (A.
2159 2800 2256 2882 3.)
2322 2817 2567 2863 conexa
2612 2795 2691 2862 e‘x
2751 2797 2949 2862 nuntii
2997 2806 3063 2863 et

681 2897 924 2964 Eteocli
972 2905 1224 2964 constat
1268 2900 1695 2979 orationibuS‚
1763 2898 1989 2981 quibus
2035 2918 2149 2965 sex
2208 2897 2380 2963 chori
2437 2897 2737 2981 strophae
2780 2899 3061 2963 insertae

684 3006 827 3063 sunt
860 2999 1397 3083 prointerloquiis
1446 3001 1578 3084 (3.)
1627 3020 1769 3065 meo
1800 2999 2059 3083 quidem
2088 2998 2320 3064 iudicio
2348 2998 2705 3081 ducendae3
2748 2999 2950 3062 altera
2974 3035 3061 3045 ——

679 3098 803 3165 702
838 3099 1078 3165 Eteocli
1123 3108 1185 3165 et
1228 3100 1403 3166 chori
1438 3102 1688 3165 actione
1734 3104 2102 3166 continetur.
2164 3100 2593 3164 Secernuntur
2628 3106 2835 3164 autem
2878 3118 3059 3165 scae-

679 3216 800 3264 nae
842 3200 1041 3264 nuntii
1087 3200 1391 3282 discessu,
1437 3202 1846 3283 quamobrem
1893 3222 2018 3267 non
2063 3210 2328 3283 septem,
2372 3206 2442 3263 ut
2473 3199 2683 3265 adhuc
2725 3199 2972 3263 existim
2992 3219 3063 3264 a·

678 3295 806 3363 tuin
855 3307 968 3381 est,
1018 3299 1134 3365 sed
1175 3320 1290 3365 sex
1329 3301 1589 3366 tantum‘
1620 3302 2031 3385 agnoscenda
2075 3308 2220 3367 sunt
2264 3299 2618 3365 orationum
2661 3301 2862 3384 paria.

847 3398 958 3464 111.
1042 3399 1419 3485 Ffflisodium
1459 3405 1710 3467 tertium
1749 3404 1940 3470 775-
1953 3404 2103 3469 813.
2208 3400 2354 3465 Una
2409 3419 2645 3464 scaena
2686 3437 2764 3446 —
2744 3400 2931 3466 803
2973 3418 3059 3464 ex

678 3499 877 3586 nuntii
918 3519 1065 3565 cum
1093 3503 1288 3568 choro
1333 3502 1646 3584 colloquio
1681 3504 2033 3586 composita
2084 3508 2197 3578 est,
2241 3499 2410 3583 quod
2455 3518 2593 3614 cum
2623 3458 2887 3565 stasimo
2929 3506 3057 3565 ter·

680 3600 768 3664 tio
815 3600 1093 3684 iungitur
1137 3602 1575 3667 coniunctione
1622 3603 1977 3668 dramatica
2019 3604 2117 3687 (B.
2165 3604 2285 3683 5..)

845 3700 954 3765 IV.
1039 3702 1305 3768 Emodus
1335 3705 1534 3768 mixta
1558 3704 1933 3771 840—1063
1962 3702 2400 3768 coniunctione
2433 3699 2784 3764 dramatica
2827 3701 2930 3782 (A.
2955 3700 3052 3782 4.)

678 3807 740 3865 et
806 3802 1035 3868 exodio
1102 3806 1518 3869 circumclusa
1582 3824 1774 3868 unam
1844 3822 2142 3868 scaenam
2202 3802 2480 3867 continet
2543 3800 2908 3884 generalem
2971 3820 3056 3864 ex

570 3921 577 3927 ·
681 3901 926 3969 duabus
969 3904 1400 3987 peculiaribus
1444 3905 1878 3988 compositam,
1927 3923 2190 3986 quarum
2224 3904 2429 3967 altera
2471 3938 2548 3948 -
2593 3901 2718 3968 988
2759 3920 2841 3964 ex
2885 3920 3055 3965 com—

568 4050 579 4057 ·
683 4011 1076 4069 mo.constat
1121 4005 1203 4069 ab
1232 4005 1859 4088 Antigonaxlsmena
1903 4005 2096 4069 choro
2144 4004 2451 4083 confecto,
2496 4003 2699 4066 altera
2743 4037 2820 4046 —
2867 4001 3053 4083 1037,

678 4124 840 4186 quae
897 4104 1117 4189 incipit
1184 4105 1450 4171 simulac
1504 4123 1735 4189 praeco
1796 4104 2133 4190 processit,
2197 4123 2278 4169 ex
2336 4103 2472 4168 eius
2542 4120 2683 4167 cum
2729 4099 3056 4183 Antigona

682 4205 1013 4289 colloquio.

841 4308 903 4372 4.
988 4305 1413 4385 Prometheus.

831 4406 1140 4493 Proloqus
1183 4407 1386 4473 1-87
1430 4405 1700 4472 Roboris
1746 4413 1807 4472 et
1848 4404 2114 4472 Volcani
2158 4402 2474 4487 colloquio
2517 4400 2891 4467 continetur.

831 4507 881 4576 Ι.
947 4505 1323 4594 Episodium
1355 4508 1628 4595 primum
1653 4505 2002 4575 288-400.
2060 4506 2207 4573 Una
2247 4513 2344 4573 est
2383 4523 2619 4571 scaena
2661 4510 2790 4568 tres
2832 4500 3037 4589 parti-
