3267 5450
1110 516 1160 579 §-
1197 513 1249 570 2.
1321 512 1409 569 De
1445 513 1645 582 parodi
1680 514 1924 581 notione.
2147 564 2150 569 Δ
2652 514 2694 582 9
2749 594 2759 605 ¹

241 665 250 675 ’
340 678 658 760 quoddam
685 666 932 763 ¹corpus
976 680 1272 746 habeant.
1347 683 1432 749 Ut
1473 682 1834 748 monodiam
1882 683 2165 748 Helenae
2208 683 2275 747 in
2318 683 2694 768 cognomine

337 780 557 845 fabula
601 781 920 865 Euripidis
965 803 1005 846 a
1048 783 1290 867 parodo
1335 802 1459 847 non
1505 802 1697 867 posse
1741 783 1980 849 secludi
2027 778 2479 867 unusquisque,
2525 784 2694 866 quod

337 879 609 960 videam,
655 881 999 959 confitetur,
1043 884 1192 966 quia
1235 885 1316 949 ab
1360 883 1607 949 Helena
1651 885 1929 968 stropha,
1981 884 2375 973 antistropha
2418 905 2459 949 a
2500 885 2693 950 choro

338 989 628 1049 cantatur
669 983 752 1048 ad
799 983 922 1049 hoc
964 984 1252 1050 schema.

961 1081 1186 1170 Ἑλένη
1291 1084 1509 1167 Χυρός
1584 1082 1712 1150 Ἑλ.
1798 1092 1962 1167 Χορ.
2042 1083 2164 1151 Ei..

712 1185 1186 1324 προῳδός-ι-Ια
1368 1191 1431 1322 αι’
1628 1190 1673 1320 ἲ8
1852 1190 1912 1324 βΙ’
2051 1184 2328 1273 ἐπῳδός.

812 1324 2193 1377 1—-——.—.—..-..-—..—1

490 1390 741 1467 Quodsi
774 1390 940 1455 hanc
969 1392 1329 1457 monodiam
1354 1400 1597 1476 partem
1633 1413 1774 1459 esse
1805 1393 2030 1475 parodi
2060 1391 2440 1474 conceditur,
2486 1410 2695 1455 nonne

334 1491 714 1557 necessitate
744 1491 1021 1573 quadam
1051 1493 1334 1575 cogimur
1375 1502 1442 1557 ut
1473 1493 1641 1559 idem
1677 1499 2026 1559 statuamus
2064 1500 2251 1576 atque
2283 1491 2695 1557 decernamus

335 1591 400 1655 in
446 1593 712 1657 caeteris
755 1591 995 1677 fabulis,
1036 1612 1319 1676 quarum,
1366 1594 1533 1675 quod
1568 1595 1821 1677 quidem
1855 1593 1937 1659 ad
1967 1601 2404 1677 argumentum
2453 1593 2696 1673 attinet,
2785 1634 2792 1645 ·

333 1693 668 1765 monodias
722 1700 1001 1758 actorum
1046 1700 1110 1758 et
1154 1693 1328 1759 chori
1394 1695 1645 1760 cantica
1686 1695 1752 1765 in
1804 1694 2027 1761 eadem
2083 1696 2324 1760 ratione
2368 1713 2511 1759 esse
2556 1714 2693 1777 per·

332 1793 621 1877 spicuum
664 1793 745 1858 sit
788 1813 915 1877 qua
939 1792 1223 1861 Helenae
1265 1795 1573 1861 fabulae?
1629 1798 1723 1860 Ac
1765 1815 1844 1861 ne
1888 1796 2028 1878 quis
2072 1794 2354 1860 obiciat
2336 1813 2511 1909 ipsos
2554 1812 2691 1858 ver-

333 1913 445 1960 sus
471 1912 912 1977 nonnunquam
946 1895 1037 1959 ita
1083 1914 1224 1961 esse
1269 1902 1671 1978 comparatos
1715 1902 1781 1997 ut
1806 1895 2162 1962 monodiam
2205 1896 2386 1978 quasi
2429 1893 2694 1960 rotunde

335 2000 757 2061 constructam
800 1994 1125 2061 declarent
1157 1995 1402 2110 ’quippe
1452 2017 1615 2081 quae
1661 1996 1967 2061 consistat
2007 2017 2085 2062 ex
2122 1996 2385 2080 stropha
2429 2000 2493 2060 et
2536 1994 2693 2059 anti-

334 2096 628 2180 stropha:
693 2117 772 2161 ne
826 2095 890 2160 in
947 2096 1209 2162 commis
1262 2096 1513 2180 quidem
1574 2105 1800 2180 poetae
1855 2116 1996 2161 eam
2056 2116 2306 2182 semper
2366 2100 2695 2163 servarunt

337 2197 544 2282 legem
592 2205 658 2262 ut
701 2196 994 2280 singulae
1042 2196 1341 2281 strophae
1389 2198 1470 2262 ab
1517 2198 1836 2263 actoribus
1880 2206 1943 2263 et
1986 2198 2178 2263 choro
2209 2197 2468 2262 alternis
2512 2196 2691 2262 efler-

332 2301 569 2377 rentur,
613 2305 682 2363 ut
722 2299 786 2363 in
832 2298 1281 2364 Andromacha
1324 2298 1484 2365 1165
1502 2318 1606 2376 ss„
1653 2299 1734 2363 cf.
1779 2298 2062 2364 Troades
2108 2299 2326 2366 307ss.

502 2399 580 2464 Et
622 2420 775 2465 vero
817 2400 1007 2464 etiam
1046 2394 1390 2483 respondet
1432 2398 1664 2463 actoris
1708 2401 1976 2484 syzygia
2020 2400 2203 2464 alteri
2248 2400 2453 2481 chori,
2520 2404 2587 2464 ut
2629 2398 2691 2462 in

334 2499 692 2565 Troadibus
736 2501 842 2565 ubi
889 2499 1047 2564 duas
1081 2499 1381 2571 Hecubae
1427 2499 1723 2583 strophas
1768 2520 1905 2566 cum
1937 2500 2176 2583 proodo
2217 2500 2460 2566 iunctas
2503 2500 2692 2564 inter-

334 2600 560 2684 positis
605 2600 851 2665 duabus
907 2601 1122 2667 alteris
1179 2601 1340 2664 inter
1395 2599 1652 2665 chorum
1698 2607 1761 2665 et
1823 2599 2188 2664 histrionem
2247 2600 2469 2665 divisis
2518 2599 2692 2665 chori

333 2702 498 2768 duae
531 2701 754 2767 tertiae
798 2688 1090 2768 secuntur
1129 2699 1352 2768 eodem
1397 2706 1594 2766 metro
1640 2702 2051 2786 anapaestico
2093 2720 2217 2806 quo
2242 2702 2543 2768 Hecubae
2587 2721 2690 2786 sy·

337 2804 530 2887 zygia
571 2803 959 2936 compositae
1003 2804 1126 2868 hoc
1168 2801 1385 2869 modo:

1060 2901 1295 2987 Ἑκάβη
1462 2902 1684 2985 Χορός
1761 2903 1885 2968 ‘Em
1970 2904 2199 2986 Χορός.

880 3003 1417 3091 προῳδός-ὶ-αα
1546 3008 1589 3140 ιῖθ
1792 3008 1852 3142 [81’
2020 3015 2135 3084 yy'.

1326 3140 2126 3202 sl———l

502 3208 639 3274 Nec
663 3209 866 3274 minus
899 3214 1266 3292 argumento
1294 3213 1740 3295 comprobatur
1762 3216 1891 3275 tres
1917 3229 2028 3275 eas
2074 3209 2377 3295 syzygias
2402 3207 2692 3274 coniunc-

337 3314 439 3372 tas
483 3329 669 3373 unam
716 3329 857 3375 esse
898 3310 1230 3374 rotundam
1272 3310 1578 3376 dramatis
1620 3317 1885 3395 partem
1931 3312 2081 3394 quia
2121 3310 2446 3376 miseratio
2489 3310 2692 3374 Hecu·

342 3410 464 3473 bae
506 3409 570 3473 in
617 3409 894 3494 strophis
936 3430 1099 3492 quae
1134 3416 1428 3476 secuntur
1473 3412 1901 3491 continuatur3
1946 3411 2010 3475 id
2055 3411 2223 3494 quod
2266 3432 2345 3477 ne
2378 3410 2693 3480 Kockium

342 3509 595 3594 quidem
641 3510 832 3593 fugit,
898 3512 1001 3593 qui
1046 3531 1156 3576 cur
1220 3532 1347 3576 non
1390 3510 1629 3576 idciico
1684 3511 1890 3576 minus
1956 3512 2313 3600 monodiam
2371 3533 2411 3577 a
2454 3510 2696 3597 parodo

342 3610 771 3692 seponendam
817 3610 1190 3676 iudicaverit
1232 3611 1520 3695 equidem
1567 3632 1695 3677 non
1739 3613 2059 3695 intellego.

422 3773 431 3782 ,
505 3711 578 3774 Ιιι
625 3710 882 3793 reliquis
926 3732 1081 3777 ιιοιι
1093 3713 1214 3777 nisi
1261 3709 1696 3795 argumentum
1742 3711 1975 3777 indicio
2010 3719 2109 3777 est
2134 3712 2695 3778 cohaerere-verba

342 3812 577 3876 actoris
619 3820 680 3877 et
725 3812 1033 3876 canticum
1080 3832 1120 3876 a
1162 3812 1354 3878 choro
1411 3820 1474 3878 et
1529 3813 1833 3878 histrione
1890 3815 2136 3878 alterna
2192 3813 2329 3879 vice
2374 3814 2693 3878 cantatum

344 3920 532 3995 atque
598 3932 785 3977 unum
834 3913 1140 3978 conficere
1182 3912 1486 3979 dramatis
1529 3914 1909 3993 membrum,
1976 3914 2145 3979 velut
2201 3915 2263 3979 in
2309 3913 2540 3995 Oreste⁸
2586 3913 2695 3978 ubi

342 4013 676 4102 prologum
721 4013 1004 4078 discessu
1048 4014 1330 4077 Helenae
1375 4035 1426 4077 v.
1478 4013 1597 4080 125
1656 4013 1895 4078 finitum
1939 4014 2226 4080 Electrae
2270 4016 2549 4096 sequitur
2592 4035 2691 4080 so-

340 4113 667 4195 liloquium
710 4114 774 4178 in
823 4115 998 4178 cuius
1043 4113 1215 4178 exitu
1269 4112 1525 4178 chorum
1570 4114 1930 4197 adloquitur
1976 4114 2214 4181 histrio.
2300 4115 2439 4180 Hoc
2483 4121 2690 4181 autem

343 4213 705 4296 adloquium
769 4213 989 4279 eodem
1042 4213 1175 4278 iure
1231 4214 1477 4279 cantico
1532 4215 1817 4297 sequenti
1863 4214 2263 4281 adnumerari
2325 4216 2516 4281 debet
2568 4236 2692 4299 quo

341 4333 615 4379 scaenae
659 4314 942 4395 sequenti
991 4315 1185 4379 verba
1228 4315 1458 4380 actoris
1501 4315 1727 4398 quibus
1771 4314 2207 4381 advenientem
2252 4317 2512 4381 alterum
2547 4336 2690 4381 con-

343 4415 608 4490 salutat,
664 4415 837 4479 velut
882 4415 940 4478 in
989 4414 1237 4498 Oedipo
1280 4435 1431 4498 rege
1476 4416 1580 4480 ubi
1629 4415 1928 4501 Oedipus'
1958 4417 2212 4481 adfatur
2255 4416 2690 4481 advenientem

340 4514 653 4581 Tiresiam
709 4521 771 4580 et
820 4515 886 4582 in
942 4516 1266 4599 Antigona
1318 4516 1424 4581 ubi
1468 4514 1680 4582 Creon*
1725 4516 1874 4584 item
1917 4517 2326 4583 Haemonem.
2413 4516 2691 4601 Cumque
