3267 5450
465 483 514 546 §-
559 483 606 537 1.
680 479 766 537 De
803 482 1122 569 symmetria
1159 498 1520 553 personarum
1555 478 1857 539 secuudum
1896 479 2283 553 quantitatem.
2467 481 2550 550 39

194 656 440 714 tantum
489 656 551 715 et
593 649 673 714 de
716 671 936 716 vocum
985 651 1086 715 vel
1150 651 1297 733 quia
1358 670 1546 716 voces
1587 651 1652 714 in
1697 672 1924 721 versus
1974 659 2118 718 sunt
2159 652 2551 733 distributae,

193 749 276 815 de
322 771 612 815 versuum
662 750 1027 833 symmetria
1097 751 1217 815 boc
1271 753 1411 816 loco
1469 772 1874 835 exponemus.
1960 752 2237 836 Cumque
2284 773 2554 837 symme-

192 852 378 915 triam
425 852 581 916 etin
630 852 976 933 quantitate
1005 861 1063 915 et
1105 852 1168 915 in
1212 853 1515 934 qualitate
1559 853 1861 918 materiae
1908 873 2236 919 cernamus
2263 855 2553 937 positam,

193 952 318 1016 bae
361 956 650 1035 quattuor
693 958 835 1016 sunt
860 951 1209 1016 dramatum
1258 954 1661 1036 symmetriae
1705 953 1785 1018 de
1811 954 2037 1035 quibus
2080 954 2346 1036 singulis
2382 954 2553 1020 dein·

193 1073 349 1136 ceps
395 1054 813 1116 disseramus:
881 1053 1248 1134 symmetria
1312 1053 1373 1116 in
1443 1054 1793 1135 quantitate
1858 1074 2266 1138 personarum
2326 1055 2552 1138 posita,

192 1154 562 1238 symmetria
605 1154 669 1216 in
702 1146 1014 1236 ‘qualitate
1059 1172 1486 1236 personarum*
1517 1155 1745 1235 posita,
1791 1153 2157 1238 symmetria
2202 1156 2267 1219 in
2312 1156 2588 1237 quanti·'

191 1261 326 1320 tate
371 1272 660 1320 versuum
706 1254 945 1337 posita,
1019 1273 1206 1335 quam
1266 1253 1686 1317 mensuralem
1743 1252 2139 1333 vocabimus,
2209 1275 2369 1337 quae
2417 1256 2558 1322 sola

191 1357 326 1420 fere
373 1356 711 1437 hucusque·
748 1354 969 1417 mirum
1036 1361 1336 1436 quantum
1405 1354 1772 1438 symmetria
1837 1355 2318 1439 perhibebatur,
2388 1376 2556 1440 sym-

189 1456 416 1521 metria
451 1457 513 1520 in
545 1455 846 1538 qualitate
872 1456 1164 1529 versuum
1192 1455 1422 1539 posita,
1467 1474 1656 1536 quam
1703 1456 2024 1521 metricam
2071 1456 2554 1542 appellabimUS.

192 1731 263 1828 ξ.
315 1735 376 1831 1.
428 1724 604 1804 De
641 1724 1234 1830 symmetria
1282 1750 1955 1827 personarum
1991 1727 2556 1806 seeundum

1031 1840 1721 1944 quantitatem.
2225 1840 2232 1844 ’

357 2024 739 2115 Symmetria
780 2025 971 2108 igitur
1013 2045 1422 2109 personarum
1470 2025 1812 2090 secundum
1844 2025 2255 2107 quantitatem
2298 2043 2558 2091 numero

187 2124 563 2190 histrionum
613 2125 960 2191 continetur
1062 2124 1339 2202 Quorum
1385 2127 1682 2208 quoniam
1725 2126 1961 2212 duplex
2001 2146 2296 2191 numerus
2339 2132 2453 2207 est,
2498 2133 2561 2192 et

191 2247 407 2292 eorum
452 2227 556 2310 qui
621 2233 817 2309 agunt
886 2232 947 2291 et
1006 2246 1229 2290 eorum
1282 2227 1385 2310 qui
1430 2225 1493 2292 in
1555 2227 1931 2311 proscaenio
1975 2234 2333 2309 versantur,
2396 2227 2559 2292 duae

191 2333 339 2393 sunt
384 2329 517 2393 eius
563 2327 815 2410 generis
873 2328 1137 2413 species,
1223 2327 1489 2411 Propria
1550 2328 1712 2392 ratio
1786 2327 2041 2392 alterius
2104 2316 2266 2393 haec
2331 2334 2428 2392 est
2493 2333 2561 2392 ut

189 2435 344 2511 quot
389 2428 450 2491 in
495 2426 805 2512 principio
851 2427 1119 2512 episodii
1165 2448 1516 2493 scaenaeve
1562 2435 1759 2512 agunt
1793 2435 2037 2492 actores
2072 2427 2331 2493 totidem
2367 2434 2562 2510 agant

91 2525 95 2531 ’
190 2529 252 2592 in
300 2529 507 2606 exitu,
575 2528 832 2593 alterius
889 2529 1047 2592 haec
1092 2536 1157 2592 ut
1200 2537 1351 2611 quot
1393 2530 1455 2595 in
1502 2529 1764 2594 exordio
1808 2530 2039 2593 adsunt
2078 2529 2143 2592 in
2187 2530 2374 2611 logeo
2421 2528 2560 2592 toti·

188 2629 332 2694 dem
381 2630 443 2692 in
488 2628 609 2693 fine
655 2627 887 2692 ibidem
932 2636 1289 2710 versentur,
1354 2630 1673 2713 utriusque
1732 2650 1883 2696 vero
1932 2627 2277 2694 communis
2334 2614 2561 2694 natura

189 2731 354 2826 hxaec
397 2738 464 2795 ut
515 2730 578 2794 in
642 2730 854 2795 media
910 2730 1178 2816 episodii
1245 2750 1596 2796 scaenaeve
1652 2739 1835 2817 parte
1899 2731 2100 2797 maior
2150 2730 2434 2796 minorve
2477 2730 2562 2797 sit

187 2851 489 2897 numerus
533 2829 833 2897 actorum.
1260 2821 1265 2828 ’

760 3015 821 3080 Α.
870 2967 969 3081 ne.
997 3016 1353 3098 symmetria
1393 3032 1603 3082 eorum
1650 3017 1749 3099 qui
1794 3018 2001 3100 agunt.

368 3149 648 3214 Alterius
695 3147 950 3232 speciei,
995 3148 1119 3213 hoc
1162 3154 1260 3212 est
1302 3150 1708 3231 symmetriae
1752 3170 1965 3216 eorum
2010 3150 2115 3235 qui
2159 3155 2357 3234 agunt
2400 3149 2563 3216 haec

190 3249 794 3336 apud'Aeschylum
841 3247 1238 3313 inveniebam
1285 3250 1611 3333 exempla:
1719 3285 1726 3294 ·

360 3354 414 3416 1.
460 3350 706 3415 Persae.
2579 3419 2588 3428 ,

332 3451 414 3516 ΙΙ.
459 3451 833 3535 Episodium
871 3450 1205 3515 secundum
1250 3449 1371 3517 596
1404 3471 1488 3514 ss.
1539 3449 1738 3514 Huius
1773 3456 1834 3514 et
1859 3449 1922 3513 in
1958 3449 2134 3515 initio
2179 3456 2241 3514 et
2282 3450 2344 3513 in
2394 3449 2563 3514 exitu

191 3555 433 3618 Atossa
478 3554 619 3617 sola
663 3550 794 3633 agit
841 3547 949 3638 [1],
996 3570 1135 3614 cum
1180 3550 1452 3614 mediam
1499 3570 1794 3615 scaenam
1842 3549 2033 3613 Darei
2079 3570 2219 3614 cum
2263 3549 2455 3614 choro
2501 3555 2564 3615 et

192 3655 430 3717 Atossa
477 3653 731 3736 expleat
760 3651 1141 3732 colloquium
1165 3650 1314 3714 item
1351 3651 1756 3733 symmetrica
1798 3651 2072 3733 quadam
2107 3650 2350 3715 ratione
2396 3671 2561 3715 com-

194 3754 491 3837 positum.
577 3753 648 3816 In
697 3750 956 3815 exordio
1020 3751 1183 3814 euim
1245 3750 1379 3815 eius
1424 3771 1584 3830 unus
1624 3750 1846 3815 histrio
1892 3750 2139 3816 Dareus
2186 3770 2322 3815 cum
2369 3750 2562 3816 choro

193 3855 329 3937 agit
356 3860 605 3918 tacente
627 3853 847 3934 regina
879 3850 939 3939 [1
957 3848 1126 3936 (X)],
1177 3851 1343 3932 quod
1371 3851 1538 3916 idem
1559 3852 1628 3916 fit
1656 3851 1719 3915 in
1744 3858 2044 3931 extreme,
2091 3850 2153 3915 in
2179 3850 2388 3915 media
2411 3870 2562 3916 vero

195 3973 471 4020 scaenae
552 3953 864 4037 particula
945 3952 1199 4016 chorum
1271 3953 1800 4036 excipit‘Atossa
1864 3951 1955 4043 ita
2032 3957 2101 4016 ut
2178 3950 2300 4016 duo
2368 3956 2565 4034 agant

197 4057 538 4120 histriones
585 4051 690 4141 [2].
781 4054 1105 4120 Habemus
1150 4052 1342 4134 igitur
1386 4053 1506 4126 hoc
1550 4053 1816 4118 actionis
1859 4052 2151 4118 schema:

897 4156 1016 4220 1..
1109 4152 1300 4287 1(¹X),
1386 4155 1446 4235 2,
1536 4152 1732 4288 1(X)¹.
1819 4154 1877 4219 1.

363 4361 506 4439 Quo
544 4360 606 4424 in
633 4358 954 4445 schemate
980 4289 2096 4441 mpendio:
2142 4354 2260 4437 (X)
2295 4354 2561 4440 signavi.

361 4461 423 4528 2.
472 4459 816 4544 Supplices.
