3267 5450
815 492 863 554 §-
903 491 954 545 3.
1028 488 1117 543 De
1157 485 1481 559 symmetria
1514 483 1832 542 mensurali.
1905 484 1968 541 E.
2496 477 2579 551 63

777 658 853 718 Χ
926 657 1008 718 A
1090 659 1167 718 X
1239 658 1319 718 A
1402 656 1607 718 XA
1713 655 1861 749 ΧΑ
1944 657 2021 716 X

778 755 849 820 44
917 754 1030 820 144
1090 756 1161 823 3⁴
1243 754 1477 823 39114
1539 755 1608 822 6⁴
1707 753 1876 820 141⁴
1943 753 2012 819 3¹

990 892 1067 959 17
1374 892 1495 1026 47
1809 893 1879 957 17

376 1063 458 1128 11.
503 1064 564 1130 2.
649 1063 943 1148 Ispisodii
982 1067 1238 1131 secundi
1277 1085 1504 1129 scaena
1542 1065 1814 1128 munda
1854 1065 1979 1132 778
2001 1083 2098 1128 ss:
2142 1064 2364 1128 ultima
2398 1062 2582 1127 huius

220 1183 483 1229 scaenae
501 1166 832 1248 particula,
859 1184 1023 1248 quae
1058 1186 1098 1229 a
1124 1164 1596 1246 duodetriginta
1621 1164 1910 1228 versibus
1923 1163 2118 1229 Darei
2145 1164 2382 1248 incipit,
2406 1161 2581 1227 chori
2612 1232 2616 1236 ,

218 1271 340 1327 tres
383 1272 446 1329 et
493 1265 688 1330 Darei
756 1272 885 1330 tres
941 1265 1198 1330 exhibet
1254 1282 1477 1330 ¹versus
1540 1263 1655 1349 [=
1707 1263 1775 1347 6]
1831 1271 1895 1327 et
1957 1272 2104 1347 post
2161 1283 2349 1327 unum
2405 1260 2581 1327 chori

220 1364 590 1428 versiculum
635 1365 828 1429 Darei
889 1385 1113 1443 unum,
1171 1365 1343 1430 chori
1401 1381 1622 1442 unum,
1683 1363 1877 1426 Darei
1936 1362 2130 1443 duos,
2201 1362 2377 1427 chori
2420 1363 2580 1425 duos

224 1463 329 1548 [=
372 1463 466 1547 6],
514 1465 921 1546 quamobrem
969 1463 1129 1530 haec
1173 1485 1314 1555 esse
1358 1463 1605 1528 videtur
1648 1463 2081 1545 responsionis
2128 1463 2363 1546 figura:

932 1577 1868 1646 AXAXAXAXA

917 1677 1894 1794 28ζὲ1112243.

1046 1798 1129 1865 6Ι
1542 1798 1637 1865 16

374 1896 435 1962 2.
517 1895 860 1981 Supplices,

374 2012 408 2075 I
453 2016 508 2080 1.
595 2013 894 2096 Episodii
923 2017 1131 2097 primi
1165 2035 1388 2079 scaena
1418 2015 1642 2098 prima
1690 2013 1808 2081 166
1833 2032 1927 2077 εει
1976 2010 2402 2095 undetriginta
2445 2033 2578 2077 ver-

219 2112 386 2176 sibus
448 2133 489 2176 a
528 2114 757 2179 Danao
812 2116 872 2179 in
934 2117 1114 2181 initio
1178 2134 1451 2181 scaenae
1509 2114 1794 2178 recitatis
1848 2113 2235 2196 respondere
2293 2113 2582 2178 videntur

218 2212 665 2295 stichomythia
687 2265 705 2297 ‚
751 2215 815 2280 in
862 2236 990 2298 qua
1032 2215 1228 2281 octies
1272 2214 1560 2297 singulos
1603 2213 2014 2297 pronuntiant
2053 2232 2275 2277 versus
2321 2214 2582 2278 Danaus

164 2367 174 2376 .
217 2320 278 2377 et
317 2314 568 2396 choruS,
616 2320 680 2379 et
721 2316 1037 2398 posterior
1079 2315 1288 2379 Danai
1335 2314 1574 2396 orati0,
1619 2333 1784 2396 quae
1828 2314 2163 2379 duodecim
2206 2313 2401 2379 habet
2442 2333 2581 2378 ver-

218 2432 359 2495 sus;
401 2433 600 2495 quare
642 2414 765 2480 hoc
807 2417 1068 2481 schema
1112 2413 1574 2480 constituerim:

246 2525 253 2535 '
1127 2516 1194 2578 A
1254 2514 1331 2580 X
1383 2513 1523 2579 AX
1595 2514 1663 2576 A

1114 2615 1198 2683 28
1262 2616 1301 2682 3
1348 2613 1527 2680 16.*1
1584 2613 1666 2679 12

1357 2697 1687 2730 Μ

1180 2731 1524 2790 Ι--Ι
1589 2734 1690 2802 28.

380 2831 439 2897 3.
483 2829 754 2914 Septem·

375 2941 718 3033 Proloyus:
785 2947 839 3011 si
885 2947 948 3011 in
1008 2950 1295 3014 oratione
1338 2946 1614 3042 Eteocli,
1676 2968 1839 3031 quae
1883 2966 2050 3011 nunc
2106 2947 2586 3030 comprehendit

217 3045 873 3130 duodequadraginta,
921 3068 1109 3114 unum
1144 3049 1457 3114 excidisse
1500 3048 1880 3113 versiculum
1923 3048 2113 3111 statui
2158 3046 2380 3129 possit,
2427 3048 2586 3113 haec

216 3146 603 3230 respondere
625 3147 916 3212 videatur
948 3149 1150 3214 nuntii
1194 3150 1498 3232 tringinta
1523 3156 1587 3214 et
1609 3148 1853 3214 Eteocli
1897 3166 2124 3212 novem
2167 3147 2457 3211 versibus
2501 3147 2584 3211 ad

216 3245 379 3311 hanc
425 3266 748 3312 normam:

1144 3349 1204 3410 E
1465 3346 1506 3411 ἄ
1606 3348 1668 3410 Ε

1010 3447 1322 3533 38(39?)
1440 3448 1522 3515 30
1613 3447 1655 3515 9

1225 3538 1645 3624 ι..-..”.Τγ

377 3633 440 3698 4.
526 3621 944 3698 Prometheus,

380 3748 432 3813 1.
523 3747 895 3833 Episodium
930 3754 1218 3835 primum
1259 3755 1384 3822 288
1407 3774 1500 3819 εει
1548 3759 1696 3839 post
1724 3772 1945 3817 versus
1989 3749 2435 3834 anapaesticos
2478 3769 2589 3814 no-

219 3869 358 3914 vem
403 3849 807 3914 inveniuntur
848 3870 1072 3916 versus
1115 3853 1506 3935 Promethei,
1552 3853 1776 3937 viginti
1822 3860 1950 3916 tres
1995 3850 2268 3927 Oceani,
2313 3850 2588 3932 quinque
2695 3917 2708 3934 ‚

122 3951 137 3962 ⁴
217 3948 579 4014 Promethei
648 3948 758 4034 [=
799 3949 945 4034 37],
1012 3971 1275 4034 quorum
1335 3972 1581 4018 summa
1646 3951 1811 4017 redit
1862 3951 1926 4015 in
1982 3950 2153 4014 exitu
2218 3949 2589 4032 particulae,

220 4050 521 4131 quoniam
566 4049 921 4116 Promethei
984 4053 1188 4118 oratio
1242 4073 1321 4118 ex
1371 4054 1637 4136 triginta
1693 4059 1934 4136 septem
1999 4057 2247 4115 constat
2302 4049 2590 4114 versibus

224 4149 380 4232 (hoc
427 4156 527 4215 est
573 4150 878 4234 quinque,
938 4152 1167 4233 quibus
1210 4154 1414 4217 altera
1458 4152 1772 4217 recusatio
1818 4148 2173 4216 Promethei
2220 4150 2590 4226 continetur,

220 4260 280 4315 et
318 4251 588 4334 triginta
630 4249 895 4333 duobus,
946 4252 1175 4334 quibus
1218 4272 1414 4318 causa
1454 4250 1872 4318 recusationis
1915 4250 2283 4333 indicatur).
2369 4248 2590 4331 Sequi-

221 4358 317 4416 tur
359 4351 750 4433 colloquium
793 4350 885 4415 ita
927 4353 1343 4435 compositum
1389 4358 1456 4417 ut
1495 4352 1666 4417 binis
1708 4341 1998 4418 versibus
2041 4348 2280 4417 Oceani
2334 4354 2398 4415 et
2441 4349 2593 4415 Pro-

222 4443 452 4517 methei
500 4451 565 4515 in
627 4447 941 4535 principio
996 4450 1224 4538 positis
1282 4451 1712 4536 respondeant
1752 4455 2046 4535 quattuor
2101 4450 2183 4515 ab
2228 4449 2486 4520 Oceano
2529 4450 2594 4519 in
