3267 5450
713 511 799 586 32
1337 525 1386 568 c.
1425 508 1490 567 11.
1566 510 1653 567 De
1692 508 1944 582 partibus
1981 508 2386 583 episodiorum.

715 698 986 745 scaenas
1029 678 1460 761 nominamus,
1515 679 2064 751 coniunctionibus
2118 678 2489 745 dramaticis
2534 676 2896 760 aliquando·
2923 675 3092 740 inter

715 799 786 845 se
829 799 1057 858 nexas.
1123 779 1436 845 Scaeuam
1480 780 1752 862 denique
1796 780 2180 864 peculiarem
2224 780 2286 844 in
2331 778 2676 862 particulas
2719 796 2917 862 saepe
2958 776 3088 842 dis·

713 879 1011 945 tributam
1054 879 1366 945 cernimus
1392 880 1456 944 in
1499 899 1569 944 se
1613 886 1976 946 constantes
2003 879 2399 963 interloquiis
2443 897 2911 961 nonnumquam
2957 876 3084 941 dis·

714 979 965 1043 tinctas.

878 1077 1016 1143 Has
1063 1077 1332 1161 episodii
1378 1083 1591 1161 partes
1634 1077 1757 1144 sihi
1799 1077 2209 1164 proposuisse
2270 1083 2494 1161 poetas
2558 1075 2939 1159 choricaque
2983 1094 3089 1141 ac-

715 1178 886 1243 tione
943 1184 1222 1242 secretas
1278 1178 1554 1243 voluisse
1620 1198 1703 1242 ex
1746 1178 1840 1243 eis
1905 1198 2068 1262 quae
2132 1197 2326 1262 supra
2377 1177 2838 1261 disputavimus
2896 1196 3089 1259 spero

717 1284 1004 1362 apertum
1049 1297 1212 1342 esse.
1287 1276 1418 1351 Sed
1460 1284 1673 1344 tamen
1714 1279 2011 1362 quoniam
2059 1278 2486 1343 interscaenia
2528 1283 2591 1341 et
2614 1275 3089 1342 coniunctiones

712 1385 799 1444 ‘et‘
837 1376 1218 1460 interloquia
1273 1397 1398 1442 non
1457 1377 1690 1460 ubique
1746 1398 1788 1455 a
1842 1380 2049 1463 poetis
2106 1380 2170 1442 in
2224 1398 2406 1455 usum
2457 1387 2611 1448 ‚sunt
2653 1382 2910 1451 vocata,
2975 1384 3090 1440 eas

719 1497 966 1561 quoque
1012 1476 1431 1542 confitendum
1487 1484 1585 1542 est
1639 1478 1724 1542 ad
1781 1477 2187 1553 dividendam
2221 1478 2560 1542 actionem
2613 1474 2879 1542 idoneas
2944 1494 3091 1557 esse

684 1577 1060 1642 ‘incisiones
1105 1595 1268 1659 quae
1309 1575 1464 1642 fiunt
1505 1576 1810 1643 histrione
1856 1586 1921 1644 et
1963 1579 2314 1663 prodeunte
2355 1577 2420 1641 in
2466 1578 2721 1659 logeum
2764 1596 2843 1640 ex
2887 1594 3092 1658 eoque

721 1672 1085 1743 discedente
1153 1683 1216 1742 et
1283 1677 1745 1743 conticescente
1811 1677 2145 1761 denuoque
2210 1686 2475 1760 agente,
2542 1676 2853 1742 interdum
2898 1676 3091 1742 etiam

719 1783 1060 1843 metrorum
1105 1777 1556 1845 immutatione.
1621 1777 1844 1860 Neque
1872 1785 2083 1843 tamen
2119 1798 2243 1843 non
2290 1776 2642 1843 cavendum
2674 1783 2772 1842 est
2812 1796 2893 1842 ne
2925 1776 3092 1841 adeo

721 1897 833 1943 eas
876 1895 1236 1960 premamus
1277 1883 1344 1941 ut
1385 1896 1604 1943 omnes
1642 1877 2098 1943 eisseiunctas
2131 1877 2478 1961 particulas
2520 1894 2636 1962 pro
2684 1877 2936 1943 scaenis
2981 1875 3093 1940 du-

721 1996 957 2043 camus.
1046 1976 1282 2042 Omitto
1327 1984 1577 2042 nostros
1619 1985 1879 2062 poetas,
1951 1978 2168 2042 omitto
2228 1984 2635 2061 argumenta,
2701 1976 2856 2045 illud
2901 1996 3094 2041 unum

722 2077 978 2143 adfero:
1024 2075 1078 2142 si
1122 2095 1340 2140 omnes
1384 2097 1495 2142 eas
1523 2079 1869 2160 particulas
1911 2098 2073 2161 quae
2107 2078 2233 2143 illis
2275 2077 2687 2145 incisionibus
2719 2082 3097 2159 separantur

721 2196 1026 2252 scaenas,
1085 2176 1206 2241 hoc
1249 2182 1347 2242 est
1388 2177 1660 2260 episodii
1715 2185 1929 2263 partes
1973 2174 2542 2268 perfectastatque'
2572 2178 2906 2242 conclusas
2950 2194 3095 2241 esse

720 2277 1071 2342 voluissent
1091 2284 1340 2361 poetae,
1387 2297 1502 2360 pro
1529 2278 1971 2343 concinnitatis
2004 2280 2476 2345 consectatione
2508 2298 2634 2343 non
2666 2277 2922 2342 dubium
2949 2294 3095 2342 esse

724 2378 873 2461 quin
918 2396 1137 2441 omnes
1179 2378 1243 2441 in
1288 2377 1596 2459 quadrum
1629 2397 2082 2461 numerumque
2126 2379 2439 2445 redacturi
2486 2377 2730 2444 fuerint.
2807 2375 2881 2440 Id
2924 2374 3097 2459 q‘uod

723 2497 850 2543 non
895 2478 1129 2542 factum
1174 2496 1316 2542 esse
1360 2476 1649 2542 videmus
1698 2479 1871 2543 velut
1911 2477 1976 2543 in
2021 2480 2385 2563 Antigonae
2431 2478 2655 2544 ultima
2698 2496 2955 2544 scaena.
3019 2476 3095 2545 In

725 2577 933 2662 prima
976 2576 1141 2641 enim
1186 2576 1323 2641 eius
1368 2578 1715 2662 particula,
1758 2599 1921 2662 quae
1965 2578 2021 2643 si
2068 2579 2225 2645 istos
2270 2579 2668 2660 audiremus,
2718 2596 3097 2642 scaena-es·

726 2684 824 2744 set
867 2676 1298 2761 agnoscenda,
1342 2676 1507 2743 duae
1544 2678 1846 2763 strophae
1888 2679 2288 2760 inveniuntur
2316 2678 2627 2759 Creontis,
2667 2675 3100 2761 antistrophae

726 2798 877 2844 vero
932 2780 1004 2843 in
1046 2780 1352 2859 proxima
1400 2787 1549 2864 post
1599 2781 1932 2845 adventum
1990 2780 2240 2846 demum
2297 2782 2524 2846 nuntii.
2607 2779 2707 2842 Ex
2759 2784 3098 2843 metrorum

724 2878 918 2961 igitur
961 2879 1449 2961 compositione,
1506 2879 1561 2945 si
1604 2880 1785 2945 deest
1830 2878 2087 2952 chorica
2132 2880 2319 2960 actio,
2370 2887 2433 2945 et
2474 2900 2553 2945 ex
2597 2884 2973 2961 argumento
3016 2877 3098 2942 si·

725 2976 1201 3061 militudineque
1246 2980 1555 3045 sumenda
1611 2986 1756 3045 sunt
1811 2980 2050 3045 indicia
2102 2980 2184 3045 ad
2242 2974 3098 3045 discernendas'dramatum

725 3085 961 3162 partes.
1046 3078 1228 3144 Haec
1280 3089 1531 3145 secutus
1591 3080 1965 3146 divisionem
2021 3099 2063 3145 a
2105 3081 2310 3166 poetis
2372 3085 2724 3163 spectatam
2768 3079 3101 3146 restituere

727 3185 991 3244 conatus
1032 3198 1198 3243 sum:
1255 3181 1380 3261 qu‘a
1421 3179 1485 3244 in
1530 3200 1597 3244 re
1642 3201 1980 3263 numquam
2013 3200 2125 3252 ¹me
2169 3179 2482 3248 defecisse
2526 3199 2649 3245 non
2697 3197 2905 3262 spere,
2952 3198 3099 3244 con·

727 3277 856 3342 fido
901 3297 1050 3344 vero
1095 3278 1230 3343 fore
1273 3287 1341 3344 ut
1380 3288 1641 3365 propter
1694 3281 1785 3345 rei
1828 3281 2176 3372 novitatem⁵
2224 3280 2379 3345 mihi
2435 3280 2803 3362 ignoscatur
2847 3278 2905 3343 si
2947 3277 3101 3362 quid

726 3376 1088 3444 defecerim.

895 3477 1023 3542 Sed
1064 3477 1194 3541 iam
1242 3477 1321 3543 de
1366 3478 1637 3563 singulis
1679 3480 1916 3546 fabulis
1960 3480 2266 3545 dicamus.

894 3579 954 3643 1.
1037 3576 1290 3643 Persae.

908 3676 958 3741 I.
1020 3676 1414 3761 -Ispisodium
1444 3680 1730 3763 primum
1776 3679 2102 3746 140—545
2168 3698 2250 3745 ex
2316 3699 2441 3743 una
2511 3697 2748 3744 scaena
2811 3677 3100 3761 generali

731 3782 980 3843 constat
1023 3777 1567 3843 coniunctionibus
1613 3778 1979 3846 dramaticis
2036 3780 2141 3863 (A.
2188 3781 2245 3844 1.
2291 3784 2353 3843 et
2393 3778 2465 3842 Β.
2514 3776 2602 3862 1.)
2671 3798 2811 3844 cum
2856 3771 3103 3862 paredo

731 3883 795 3954 et
836 3877 1101 3942 stasimo
1141 3877 1343 3961 primo
1386 3878 1617 3943 iuncta.
1707 3880 1959 3944 Scaena
2000 3887 2210 3944 autem
2268 3878 2589 3962 generalis
2649 3880 2710 3944 in
2770 3886 2897 3944 tres
2938 3900 3102 3944 scae·

728 3997 847 4043 nas
910 3978 1265 4060 peculiares
1330 3978 1661 4062 dispertita
1738 3987 1862 4043 est:
1945 3981 2306 4048 una—248
2369 3979 2721 4044 continetur
2784 3979 3103 4062 colloquio

728 4078 904 4144 chori
948 4097 1090 4143 cum
1134 4076 1378 4160 regina,
1425 4079 1792 4161 priusquam
1837 4079 2093 4145 nuntius
2138 4080 2427 4160 accessit,
2473 4098 2659 4162 quem
2685 4078 3101 4144 adventurum

732 4178 1064 4244 denuntiat
1106 4178 1336 4243 chorus
1380 4178 1580 4243 tribus
1625 4179 2007 4243 tetrametris
2049 4179 2389 4245 trochaicis
2431 4179 2897 4263 (transitione);
2951 4181 3105 4246 alte·

730 4277 1016 4346 ret—287
1058 4277 1257 4342 nuntii
1301 4284 1365 4344 et
1407 4278 1584 4344 chori
1630 4279 1914 4360 actione,
1978 4279 2156 4345 cuius
2214 4278 2389 4363 prior
2440 4279 2756 4364 particula
2800 4299 2843 4346 a
2884 4282 3105 4348 nuntio

732 4378 871 4442 solo
913 4377 1262 4462 perficitur3
1307 4381 1600 4444 tertia—
1620 4379 1746 4446 529
1799 4379 1865 4443 in
1910 4378 2069 4444 duas
2113 4379 2463 4470 particulas
2503 4380 2679 4445 chori
2722 4380 3105 4464 interloquio

735 4480 852 4563 (1.)
919 4477 1125 4546 divisa
1169 4483 1297 4564 est,
1369 4491 1642 4566 quarunt
1700 4481 1896 4548 altera
1965 4479 2253 4547 consistit
2310 4499 2389 4545 ex
2446 4479 2762 4564 colloquio
2811 4481 3106 4567 Atossae,
