3267 5450
676 477 761 547 48
1137 497 1187 539 c.
1224 480 1324 538 111.
1396 479 1482 538 De
1519 481 1842 554 symmetria
1880 479 2189 541 dramatica
2222 482 2565 556 Aeschylea.

676 651 1037 734 prolaturus
1080 671 1237 717 sum.
1340 650 1426 717 Hi
1472 650 1714 717 similes
1758 650 1910 716 mihi
1964 652 2256 718 videntur
2299 673 2441 720 esse
2486 674 2700 720 eorum
2762 653 2869 736 qui
2912 672 3054 717 non

677 754 767 816 ita
810 753 1005 818 multo
1038 760 1183 818 ante
1217 752 1408 816 ullum
1441 751 1636 817 fuisse
1673 753 1920 836 signum
1961 761 2354 837 negaverunt
2394 754 2495 820 eui
2535 755 2710 821 color
2734 760 2905 819 esset
2955 753 3057 817 in-

676 854 938 934 ductus,-
987 852 1157 936 quod
1201 871 1571 936 quemquam
1618 854 1940 937 voluptate
1996 852 2185 918 adfici
2228 854 2355 918 tale
2398 854 2646 938 signum
2692 855 3054 919 intuentem

675 974 800 1018 non
845 953 1016 1021 ctedi
1053 973 1243 1038 posse
1288 952 1794 1041 arbitrarentur.¹
1827 955 1926 1017 An
1969 961 2035 1019 tu
2078 963 2266 1037 putas
2299 963 2514 1038 patres
2556 961 2807 1019 nostros
2844 972 3057 1018 sensu

675 1053 871 1120 fuisse
918 1054 1273 1119 hebetiores
1327 1073 1404 1119 ac
1462 1054 1772 1119 tardiores
1828 1053 2063 1121 nobis?
2147 1054 2406 1119 Missum
2463 1055 2628 1121 facio
2689 1054 3056 1138 zophorum

674 1155 875 1221 cellae
919 1155 1336 1220 Parthenonis
1381 1153 1864 1236 circumdatum,
1910 1155 2085 1219 cuius
2131 1162 2344 1237 partes
2390 1155 2677 1238 quamvis
2721 1157 2780 1220 in
2827 1154 3056 1218 diver·

673 1254 958 1320 sissimas
1003 1258 1296 1336 regiones
1335 1262 1711 1340 spectarent,
1757 1256 1978 1319 miram
2020 1255 2284 1325 Phidiae
2328 1256 2740 1322 declarabant
2779 1255 3057 1320 concin·
3105 1256 3118 1267 “

673 1356 887 1420 nitatis
933 1356 1494 1430 consectationem,
1541 1362 1609 1420 ut
1653 1355 1850 1420 oculis
1893 1376 2016 1420 non
2062 1364 2325 1440 possent
2366 1357 2765 1442 perlustrari-2
2825 1355 2911 1421 cf.
2968 1357 3056 1419 A.

673 1456 1002 1521 Michaelis
1059 1457 1415 1521 Parthenon
1483 1455 1606 1523 216
1639 1475 1758 1536 ss„
1829 1457 1895 1519 E.
1946 1456 2242 1522 Petersen
2303 1458 2510 1524 Kunst
2574 1458 2688 1522 des
2729 1455 3059 1521 Pheidias

670 1556 794 1624 236
817 1576 882 1620 ss
908 1556 990 1638 ¹):
1047 1557 1110 1621 in
1154 1555 1311 1639 ipsis
1366 1551 1600 1620 fabulis
1647 1558 2018 1640 Aeschyleis
2072 1560 2470 1624 inveniuntur
2520 1558 2818 1625 nonnulla
2862 1577 3058 1640 quae

671 1675 711 1722 a
754 1657 1214 1741 spectatoribus
1261 1677 1449 1723 sensu
1493 1659 1733 1742 percipi
1780 1679 1905 1724 non
1960 1661 2309 1745 potuerint,
2366 1660 2623 1742 regulas
2681 1659 2821 1724 dico
2865 1677 3057 1741 quas

668 1757 1049 1842 Aeschylum
1107 1766 1384 1823 secutum
1442 1774 1584 1823 esse
1638 1760 1704 1823 in
1762 1760 2211 1843 ‘componendis
2270 1760 2650 1826 carminibus
2697 1759 3056 1843 Westphal

669 1859 1184 1944 commonstravit
1215 1879 1293 1925 ea
1324 1861 1847 1924 commentatione
1891 1880 2017 1942 qua
2058 1880 2285 1926 novam
2320 1859 2618 1944 Aeschyli
2650 1859 3056 1926 emendandi

666 1960 832 2024 viam
863 1960 1181 2044 patefecit.
1247 1960 1457 2024 Habet
1501 1972 1708 2025 autem
1752 1962 1807 2025 is
1837 1961 2027 2026 Proll.
2073 1982 2134 2045 p.
2169 1961 2319 2029 169:
2367 1962 2677 2042 „Primum
2712 1981 2847 2025 eam
2878 1979 3056 2025 esse

667 2060 1096 2126 dochmiorum
1141 2061 1205 2126 in
1250 2061 1483 2125 fabulis
1515 2061 1890 2144 Aeschyleis
1922 2062 2126 2144 legem
2172 2069 2240 2126 ut
2283 2062 2465 2128 huius
2496 2061 2736 2127 numeri
2777 2061 3053 2126 formae

665 2162 729 2227 in
776 2161 1188 2246 antistrophis
1234 2170 1556 2227 recurrant
1613 2161 1904 2240 eaedem,
1969 2163 2217 2246 syllaba
2269 2164 2548 2248 syllabae
2587 2161 3051 2246 respondente3
3161 2210 3167 2214 .

665 2270 728 2328 et
771 2282 832 2346 p.
867 2265 1015 2329 170:
1063 2263 1280 2327 Altera
1327 2261 1485 2342 (lex)
1533 2261 1692 2327 haec
1736 2269 1849 2326 est.
1936 2263 2106 2327 Inter
2147 2263 2443 2347 strophas
2488 2269 2551 2328 et
2592 2261 3050 2346 antistrophos

664 2364 1056 2446 Aeschyleas
1103 2382 1292 2444 quum
1335 2364 1398 2427 in
1445 2364 1589 2427 aliis
1619 2365 1854 2440 menie,
1902 2372 2029 2427 tum
2072 2363 2135 2428 in
2181 2364 2489 2428 dochmiis
2517 2371 2761 2447 praeter
2802 2380 3048 2428 nume-

664 2484 872 2529 rorum
909 2456 1381 2545 congruentiam
1414 2465 1612 2527 mirus
1639 2463 1892 2546 quidam
1937 2470 2034 2528 est
2075 2465 2405 2528 verborum
2444 2464 2546 2528 vel
2573 2461 3047 2527 sententiarum

663 2573 1034 2647 concentuS‚
1093 2563 1199 2646 qui
1242 2583 1368 2628 non
1409 2565 1609 2628 solum
1653 2566 1718 2628 in
1762 2564 2295 2630 interiectionibus
2340 2563 3046 2645 vociferationibusque

663 2674 726 2733 et
768 2668 832 2732 in
876 2664 1411 2752 appellationibus
1457 2684 1619 2747 quae
1673 2664 1827 2731 fiunt
1868 2685 1984 2752 per
2038 2667 2391 2731 vocativum
2437 2672 2499 2731 et
2552 2663 3043 2749 imperativum,

661 2768 775 2833 sed
820 2767 1008 2831 etiam
1053 2767 1118 2831 in
1162 2767 1371 2831 verbis
1415 2767 1641 2849 quibus
1702 2787 1919 2831 versus
1964 2773 2073 2831 aut
2122 2766 2345 2852 incipit
2384 2774 2494 2831 aut
2543 2765 2786 2845 finitur,
2843 2770 2910 2829 et
2965 2766 3043 2829 in

660 2867 1179 2951 interpunctionis
1221 2867 1674 2949 grammaticae
1720 2867 2170 2959 aequabilitate
2229 2868 2557 2933 cernitur.“
2642 2866 2803 2940 Nam
2849 2884 3042 2947 quae

659 2970 723 3032 in
770 2969 866 3033 his
908 2969 1156 3051 legibus
1199 2969 1381 3033 nobis
1425 2968 1676 3051 quidem
1720 2971 1880 3032 mira
1922 2967 2211 3033 videntur
2253 2970 2394 3033 sola
2451 2966 2728 3033 musicae
2769 2965 3043 3031 ratione

660 3088 785 3133 non
827 3088 1014 3150 posse
1059 3069 1359 3151 explicari
1406 3069 1807 3134 manifestum
1851 3067 2114 3133 videtur.
2223 3067 2707 3134 Concedendum
2756 3073 2851 3132 est
2891 3066 3042 3150 igi-

658 3178 756 3236 tur
802 3171 988 3235 etiam
1047 3169 1375 3234 scaenicos
1430 3179 1653 3253 poetas
1708 3170 1917 3254 magis
1972 3168 2286 3234 studuisse
2331 3168 2763 3251 aequabilitati
2821 3186 3039 3249 quam

626 3253 887 3336 ¹iustum
931 3270 1112 3335 nobis
1159 3289 1298 3335 esse
1345 3271 1650 3335 videatur.
1754 3270 1975 3348 Quode
2022 3272 2076 3334 si
2133 3270 2234 3335 isti
2292 3270 2473 3335 aliter
2528 3269 2830 3350 iudicent,
2886 3269 3036 3334 sibi

657 3371 952 3437 habeant.

800 3595 861 3665 1)
905 3592 1193 3663 Westphal
1211 3593 1618 3664 Prolegomena
1640 3595 1713 3649 V:
1752 3593 1878 3650 Und
1923 3592 2070 3650 doch
2100 3608 2231 3663 mag
2254 3593 2444 3649 keiner
2466 3592 2520 3648 in
2540 3590 2771 3647 Abrede
2792 3591 3040 3664 stellen,

655 3683 788 3748 dass
818 3682 966 3740 auch
1004 3691 1163 3739 sonst
1214 3683 1306 3737 die
1344 3684 1455 3738 alte
1491 3684 1675 3739 Kunst
1709 3683 1829 3739 sich
1865 3685 1930 3748 in,
1958 3683 2298 3751 bestimmte‚
2347 3685 2609 3738 constant
2643 3679 3031 3737 wiederholte

655 3774 889 3830 Formen
927 3761 1354 3843 einzuzwiingen
1393 3773 1557 3828 keine
1594 3772 1779 3829 Scheu
1818 3774 2003 3843 tragt.
2032 3814 2045 3829 .
2072 3812 2085 3827 .
2124 3772 2239 3826 Hat
2273 3769 2427 3827 nicht
2464 3771 2520 3826 in
2555 3770 2704 3844 noch
2743 3768 3033 3825 hoherem

654 3863 838 3918 Grade
894 3862 985 3917 die
1031 3861 1266 3917 hochste
1315 3861 1628 3917 Bliithezeit
1682 3862 1782 3917 der
1839 3863 2069 3916 antiken
2105 3860 2320 3917 Plastik
2374 3860 2479 3914 das
2518 3858 2735 3927 Princip
2793 3858 3035 3927 gleich-

650 3952 925 4022 miissiger
967 3951 1319 4021 Anordnung
1363 3950 1453 4005 bis
1490 3951 1578 4005 ins
1616 3951 1870 4005 Kleinste
1906 3948 2317 4019 festgehalten?
2390 3952 2552 4006 Wer
2598 3963 2704 4003 von
2755 3947 2862 4002 den
2897 3947 3029 4005 Be-

651 4040 923 4097 schauern
962 4042 1060 4097 des
1099 4040 1617 4096 Parthenonfrieses
1665 4040 1762 4095 ist.
1817 4039 1903 4093 im
1949 4038 2209 4094 Stande
2268 4039 2383 4094 die
2433 4040 2469 4093 S
2486 4036 2885 4110 ymmetrie,
2962 4038 3027 4092 in

648 4128 882 4185 welcher
920 4128 1009 4184 die
1046 4128 1395 4184 zahlreichen
1436 4129 1929 4199 Figurengruppen
1968 4143 2039 4181 an
2078 4128 2185 4184 den
2222 4133 2792 4198 entgegengesetzten
2830 4125 3021 4181 Wan-

651 4219 759 4274 den
798 4218 1067 4274 einander
1108 4217 1663 4289 gegeniibergestellt
1698 4218 1840 4286 sind,
1879 4235 1961 4274 zu
1995 4215 2521 4273 iiberschauen?
2558 4215 2683 4272 Und
2722 4214 2868 4270 doch
2911 4215 3029 4273 hat

555 4323 571 4336 ⁸
649 4308 902 4377 Phidias,
962 4309 1100 4365 oder
1136 4325 1249 4363 wer
1285 4325 1394 4363 von
1433 4310 1626 4363 seinen
1669 4307 1933 4363 Schfflern
1982 4308 2087 4362 das
2141 4305 2412 4361 herrliche
2448 4305 2619 4361 Werk
2655 4304 3024 4375 ‚ausgefuhre

649 4399 770 4455 sich
813 4399 950 4454 iiber
1003 4399 1161 4453 diese
1218 4396 1647 4468 mikrologische
1680 4396 2033 4466 Responsion
2090 4395 2190 4452 der
2246 4396 2534 4452 einzelnen
2569 4394 2798 4449 Partien
2852 4394 3027 4454 nicht

649 4487 1057 4563 hinwegsetzen
1095 4488 1335 4545 konnen.
1913 4513 1914 4516 ¹
