3267 5450
688 472 771 540 38
1155 488 1205 529 c.
1240 472 1331 528 111.
1407 475 1492 528 De
1529 472 1852 545 symmetria
1887 473 2194 529 dramatica
2232 473 2563 575 Aeschylea.

689 640 768 706 cf.
814 659 1007 725 supra
1051 660 1102 705 c.
1145 641 1191 708 Ι.
1234 644 1292 722 ξ.
1338 642 1395 708 3.
1440 641 1505 705 in
1545 641 1699 720 fine,
1763 662 2101 758 numquam
2164 643 2334 728 apud
2381 643 2765 726 Aeschylum
2822 648 3046 707 cantus

689 741 1060 825 participem
1112 747 1418 821 actorem,
1466 761 1802 824 numquam
1863 744 2174 809 cernimus
2237 745 2419 809 unius
2475 743 2708 808 actoris
2752 743 3043 807 versibus

689 843 1039 907 confectum
1098 842 1481 926 episodium:
1551 843 1632 909 cf
1692 863 1853 926 quae
1921 844 2049 908 dixi
2116 844 2199 909 ad
2242 843 2724 908 interscaeninm
2772 827 3042 928 primum

690 943 992 1026 Aeschyli
1038 949 1100 1007 et
1141 942 1405 1027 primum
1431 943 1755 1026 Sophocli.
1809 944 1884 1008 Id
1931 965 2078 1008 vero
2107 945 2229 1009 hoc
2271 945 2409 1009 loco
2442 945 2521 1009 de
2551 943 2774 1028 paucis
2821 943 3040 1025 (unde-

689 1046 838 1126 cim)
902 1044 1030 1109 illis
1088 1043 1379 1108 trimetris
1425 1043 1746 1108 Minervae
1806 1044 1907 1127 qui
1954 1034 2248 1110 secuntur
2290 1045 2686 1109 statuendum
2734 1050 2927 1126 esset,
2984 1043 3042 1106 si

687 1166 803 1230 pro
845 1145 1104 1209 stasimo
1174 1143 1510 1207 haberetur
1568 1144 1876 1208 canticum
1922 1164 2387 1228 praegressum.
2474 1138 2785 1222 Quoniam
2832 1151 3041 1208 autem

586 1316 595 1335 .
691 1247 811 1311 hoc
852 1246 1185 1310 scaenicae
1230 1245 1496 1309 actionis
1541 1246 2068 1311 continuationem
2115 1266 2239 1311 non
2279 1245 2402 1310 dici
2450 1265 2638 1328 posse
2683 1266 2822 1310 cum
2852 1265 3039 1333 argu-

688 1353 958 1411 mentum
1002 1345 1235 1410 indicio
1282 1345 1394 1421 sit,
1460 1352 1524 1408 ut
1564 1366 1749 1410 nemo
1793 1367 1918 1412 non
1965 1348 2286 1426 fatebitur,
2343 1354 2470 1425 tum
2505 1354 2851 1411 metrorum
2893 1365 3039 1409 con-

689 1446 981 1512 formatio
1005 1484 1087 1535 —7
1119 1466 1453 1528 numquam
1490 1445 1654 1510 enim
1689 1446 1921 1512 factum
1953 1448 2237 1512 videmus
2285 1455 2352 1512 ut
2393 1468 2516 1512 non
2552 1447 2931 1533 procedente
2973 1445 3039 1508 in

687 1548 938 1630 logeum
975 1547 1107 1611 sive
1135 1546 1431 1610 redeunte
1468 1546 1771 1612 histrione
1814 1550 1945 1612 ulla
1982 1569 2217 1629 scaena
2260 1570 2339 1614 ex
2385 1549 2558 1614 chori
2603 1547 2847 1614 cantico
2891 1567 3039 1611 con-

688 1656 883 1711 staret
947 1667 1082 1711 cum
1148 1648 1510 1731 systematis
1567 1648 1994 1730 anapaesticis
2038 1651 2121 1714 ab
2177 1659 2388 1715 actore
2432 1648 2851 1733 pronuntiatis
2896 1667 3039 1712 con-

684 1748 895 1813 iuncto
938 1749 1458 1813 ——necessitate
1513 1749 1785 1831 quadam
1854 1770 1929 1814 eo
1972 1749 2340 1814 adducimur
2385 1758 2449 1815 ut
2491 1751 2850 1814 universum
2894 1747 3036 1811 dra-

684 1849 870 1914 matis
903 1849 1134 1914 exitum
1161 1849 1616 1916 898—1023in
1663 1849 2007 1915 exodorum
2050 1872 2307 1916 numero
2333 1871 2750 1934 reponamus.
2816 1849 3039 1931 Neque

687 1951 1026 2015 abhorrere
1069 1949 1315 2015 videtur
1356 1957 1599 2015 mutata
1643 1952 1736 2014 vis
1781 1972 1967 2034 quam
2016 1953 2204 2017 etiam
2253 1953 2399 2017 huic
2439 1952 2706 2017 termino
2751 1949 3037 2015 technico

685 2052 932 2136 priscae
974 2050 1346 2132 tragoediae
1391 2050 1656 2116 decursu
1699 2050 2050 2137 temporum
2086 2053 2433 2117 subiectam
2478 2072 2620 2118 esse
2664 2049 3037 2118 verisimilli-

686 2172 852 2216 mum
879 2158 991 2217 est.
1061 2152 1520 2215 Priscaexenim
1550 2151 1919 2234 tragoediae
1965 2153 2234 2218 exodum
2267 2153 2441 2218 chori
2487 2154 2797 2218 canticum
2843 2152 3037 2216 fuisse

608 2284 612 2289 -
686 2273 880 2336 supra
924 2252 1247 2317 docuimus
1276 2251 1379 2315 ubi
1420 2251 1499 2315 de
1544 2252 1749 2317 exodo
1777 2252 2007 2318 dictum
2055 2260 2168 2332 est,
2214 2255 2578 2318 recentioris
2623 2272 2773 2318 vero
2797 2252 3036 2316 Aristo-

687 2355 844 2419 teles
890 2372 1004 2416 suo
1049 2352 1181 2416 iure
1209 2351 1600 2416 confirmavit
1642 2372 1782 2417 esse
1827 2355 2181 2418 universam
2207 2361 2349 2436 post
2391 2355 2671 2419 ultimum
2709 2354 3037 2418 stasimum

686 2454 1042 2521 scaenicam
1088 2453 1418 2518 actionem.
1488 2452 1764 2536 Cumque
1811 2473 2311 2537 unamquamque
2357 2449 2552 2518 artem
2597 2462 2860 2519 naturae
2903 2453 3038 2535 qui-

686 2554 949 2643 busdam
996 2554 1242 2636 legibus
1305 2553 1666 2617 obstrictam
1714 2574 1827 2618 suo
1872 2555 2091 2620 ordine
2136 2567 2622 2620 consentaneum
2668 2557 2750 2619 sit
2792 2555 3040 2638 cepisse

684 2675 1039 2742 processuS‚
1083 2655 1248 2718 idem
1294 2653 1527 2717 factum
1571 2673 1713 2719 esse
1757 2655 1820 2718 in
1852 2654 2074 2720 exodis
2117 2655 2512 2720 statuendum
2561 2655 2805 2720 videtur
2849 2662 3039 2738 atque

685 2760 750 2822 in
791 2756 1087 2842 parodis‚
1128 2755 1283 2819 illud
1331 2755 1473 2819 dico
1516 2760 1582 2819 ut
1623 2776 1747 2820 non
1795 2757 2088 2822 contiuuo
2133 2765 2355 2822 cantus
2397 2757 2606 2822 finalis
2651 2758 3041 2822 exolesceret

684 2858 871 2941 inque
918 2850 1052 2921 eius
1096 2857 1301 2921 locum
1328 2854 1493 2919 actio
1531 2857 1826 2920 scaenica
1851 2857 2232 2935 succederet,
2277 2858 2389 2922 sed
2414 2847 2764 2941 proximum
2798 2878 2836 2921 a
2861 2857 3039 2921 chori

685 2965 904 3032 cantu
951 2957 1111 3022 sicut
1151 2957 1215 3023 in
1261 2956 1549 3040 parodiS,
1624 2957 1933 3020 canticum
1979 2966 2345 3040 sequar-etun
2390 2980 2429 3022 a
2470 2958 2662 3024 choro
2707 2965 2769 3021 et
2811 2958 3036 3022 actori·

684 3060 801 3123 bus
846 3059 1090 3123 alterna
1152 3058 1288 3123 vice
1335 3064 1669 3122 cantatum
1757 3057 1898 3122 Hac
1951 3059 2149 3123 mixta
2203 3059 2389 3124 exodi
2446 3058 2653 3124 forma
2706 3058 2858 3122 mihi
2902 3058 3034 3141 qui—

684 3159 827 3225 dem
877 3159 1164 3223 videntur
1207 3177 1347 3223 esse
1394 3178 1674 3223 commus
1715 3158 2049 3223 Persarum
2094 3168 2155 3224 et
2199 3162 2438 3225 exodus
2482 3158 2912 3224 Eumenidum.

779 3443 850 3508 c.
903 3424 1062 3506 ΙΙΙ.
1156 3424 1285 3506 De
1331 3423 1848 3532 symmetria
1896 3424 2380 3510 dramatica
2428 3371 2935 3527 Aeschylon..

847 3638 932 3704 Ut
990 3636 1475 3719 uniuscuiusque
1533 3639 1743 3722 operis
1798 3648 1984 3722 atque
2045 3640 2291 3703 artificii
2347 3640 2717 3721 compositio
2762 3639 2851 3702 ita
2892 3637 3033 3701 dra-

683 3746 915 3802 matum
962 3739 1328 3821 symmetria
1364 3740 1759 3823 potissimum
1805 3747 1866 3804 et
1911 3728 2645 3823 rhythmoperspicitur.
2719 3737 3038 3816 Quamob-

683 3858 813 3903 rem
860 3840 1064 3922 qualis
1110 3837 1193 3902 sit
1234 3838 1584 3902 dramatum
1642 3827 2007 3922 symmetria
2051 3843 2106 3905 ei
2155 3840 2580 3923 quaerendum
2627 3846 2723 3904 est
2764 3838 2869 3922 qui
2913 3858 3039 3922 qua

612 3985 630 3999 .
683 3947 815 4004 arte
862 3948 1085 4024 poetae
1132 3938 1422 4022 episodia
1466 3942 1932 4023 composuerint
1975 3960 2359 4024 cognoscere
2404 3941 2552 4003 vult.
2615 3940 2778 4003 Nam
2822 3939 3034 4022 rhyth·
3093 3971 3098 3976 ·

682 4061 846 4105 mum
892 4041 1044 4104 nihil
1091 4040 1260 4105 aliud
1291 4060 1430 4105 esse
1475 4057 1661 4123 quam
1710 4042 2041 4105 iucundam
2089 4041 2222 4105 eius
2248 4041 2663 4105 variationem
2706 4040 2767 4104 in
2817 4059 3035 4123 prooe-

683 4140 807 4205 mio
861 4141 1205 4206 docuimus.
1307 4142 1399 4204 Ac
1453 4141 1721 4224 primum
1793 4143 2044 4224 quidem
2101 4140 2397 4226 quoniam
2456 4142 2621 4206 actio
2689 4140 3040 4205 dramatica

683 4242 968 4324 personis
992 4240 1251 4305 vocibus
1295 4241 1565 4305 motibus
1595 4241 1962 4315 continetur,
2006 4241 2435 4325 symmetriam
2460 4246 2634 4326 patet
2679 4241 2739 4303 iu
2785 4261 3038 4325 promp-

588 4396 603 4411 .
682 4348 872 4423 tuque
911 4347 1006 4405 est
1047 4341 1421 4425 tripertitam
1470 4360 1640 4406 esse:
1685 4361 2092 4426 personarum
2125 4362 2347 4407 vocum
2378 4350 2672 4408 motuum.
2730 4342 2860 4420 Sed
2889 4362 3040 4424 quo·

680 4441 869 4507 modo
914 4441 1156 4526 egerint
1216 4443 1555 4529 histriones
1600 4462 1741 4507 cum
1783 4441 1938 4506 nihil
1985 4443 2115 4507 fere
2159 4450 2431 4524 constet,
2501 4442 2581 4508 de
2623 4462 3040 4526 personarum
