<?xml version="1.0" encoding="UTF-8"?>
<!DOCTYPE html PUBLIC "-//W3C//DTD XHTML 1.0 Transitional//EN"
    "http://www.w3.org/TR/xhtml1/DTD/xhtml1-transitional.dtd">
<html xmlns="http://www.w3.org/1999/xhtml" xml:lang="en" lang="en">
 <head>
  <title>
</title>
<meta http-equiv="Content-Type" content="text/html;charset=utf-8" />
  <meta name='ocr-system' content='tesseract 3.04.00' />
  <meta name='ocr-capabilities' content='ocr_page ocr_carea ocr_par ocr_line ocrx_word'/>
</head>
<body>
  <div class='ocr_page' id='page_1' title='image "./decompositionee00oehmgoog_0020.png"; bbox 0 0 3267 5450; ppageno 0'>
   <div class='ocr_carea' id='block_1_1' title="bbox 679 531 2493 605">
    <p class='ocr_par' dir='ltr' id='par_1_1' title="bbox 679 531 2493 605">
     <span class='ocr_line' id='line_1_1' title="bbox 679 531 2493 605; baseline -0.001 -15"><span class='ocrx_word' id='word_1_1' title='bbox 679 532 760 597; x_wconf 85' lang='lat'><strong>14</strong></span> <span class='ocrx_word' id='word_1_2' title='bbox 959 552 965 559; x_wconf 88' lang='lat'><em>·</em></span> <span class='ocrx_word' id='word_1_3' title='bbox 1214 548 1261 588; x_wconf 91' lang='lat' dir='ltr'><strong>c.</strong></span> <span class='ocrx_word' id='word_1_4' title='bbox 1303 533 1343 589; x_wconf 88' lang='grc' dir='ltr'><strong>Ι.</strong></span> <span class='ocrx_word' id='word_1_5' title='bbox 1381 534 1467 589; x_wconf 92' lang='lat' dir='ltr'><strong>De</strong></span> <span class='ocrx_word' id='word_1_6' title='bbox 1504 531 1843 589; x_wconf 77' lang='lat' dir='ltr'><strong>carminibus</strong></span> <span class='ocrx_word' id='word_1_7' title='bbox 1879 531 2035 589; x_wconf 89' lang='lat' dir='ltr'><strong>chori</strong></span> <span class='ocrx_word' id='word_1_8' title='bbox 2070 531 2493 605; x_wconf 86' lang='lat' dir='ltr'><strong>principalibus.</strong></span> 
     </span>
    </p>
   </div>
   <div class='ocr_carea' id='block_1_2' title="bbox 572 700 3046 4314">
    <p class='ocr_par' dir='ltr' id='par_1_2' title="bbox 572 700 3046 4314">
     <span class='ocr_line' id='line_1_2' title="bbox 672 700 3045 789; baseline -0.001 -21"><span class='ocrx_word' id='word_1_9' title='bbox 672 701 818 768; x_wconf 87' lang='lat' dir='ltr'>libri</span> <span class='ocrx_word' id='word_1_10' title='bbox 858 700 965 768; x_wconf 56' lang='lat' dir='ltr'><strong>“de</strong></span> <span class='ocrx_word' id='word_1_11' title='bbox 1019 701 1200 787; x_wconf 89' lang='lat' dir='ltr'><strong>poesi</strong></span> <span class='ocrx_word' id='word_1_12' title='bbox 1262 702 1514 785; x_wconf 84' lang='lat' dir='ltr'><strong>tragica</strong></span> <span class='ocrx_word' id='word_1_13' title='bbox 1570 702 1912 789; x_wconf 73' lang='lat' dir='ltr'><strong>conscripti</strong></span> <span class='ocrx_word' id='word_1_14' title='bbox 1975 702 2259 769; x_wconf 79' lang='lat' dir='ltr'><strong>exhibet:</strong></span> <span class='ocrx_word' id='word_1_15' title='bbox 2335 701 2667 788; x_wconf 89' lang='lat' dir='ltr'><strong>Westphal</strong></span> <span class='ocrx_word' id='word_1_16' title='bbox 2724 700 2879 767; x_wconf 88' lang='lat' dir='ltr'>VIII</span> <span class='ocrx_word' id='word_1_17' title='bbox 2921 720 3045 784; x_wconf 69' lang='lat' dir='ltr'><strong>ss„</strong></span> 
     </span>
     <span class='ocr_line' id='line_1_3' title="bbox 674 798 3045 870; baseline 0 -3"><span class='ocrx_word' id='word_1_18' title='bbox 674 802 1127 870; x_wconf 87' lang='lat' dir='ltr'><strong>Muellerianae</strong></span> <span class='ocrx_word' id='word_1_19' title='bbox 1192 798 1539 868; x_wconf 88' lang='lat' dir='ltr'><strong>definitioni</strong></span> <span class='ocrx_word' id='word_1_20' title='bbox 1595 803 1888 870; x_wconf 80' lang='lat' dir='ltr'><strong>docuisse</strong></span> <span class='ocrx_word' id='word_1_21' title='bbox 1942 803 2190 870; x_wconf 87' lang='lat' dir='ltr'><strong>videtur</strong></span> <span class='ocrx_word' id='word_1_22' title='bbox 2244 803 2494 869; x_wconf 79' lang='lat' dir='ltr'><strong>similia.</strong></span> <span class='ocrx_word' id='word_1_23' title='bbox 2581 802 2799 868; x_wconf 87' lang='lat' dir='ltr'><strong>Prodit</strong></span> <span class='ocrx_word' id='word_1_24' title='bbox 2864 803 3045 869; x_wconf 88' lang='lat' dir='ltr'><strong>enim</strong></span> 
     </span>
     <span class='ocr_line' id='line_1_4' title="bbox 672 903 3046 989; baseline 0 -21"><span class='ocrx_word' id='word_1_25' title='bbox 672 903 933 973; x_wconf 83' lang='lat' dir='ltr'><strong>Tzetzes</strong></span> <span class='ocrx_word' id='word_1_26' title='bbox 975 903 1139 969; x_wconf 89' lang='lat' dir='ltr'><strong>haec</strong></span> <span class='ocrx_word' id='word_1_27' title='bbox 1180 904 1262 969; x_wconf 90' lang='lat' dir='ltr'><strong>ab</strong></span> <span class='ocrx_word' id='word_1_28' title='bbox 1304 905 1448 989; x_wconf 92' lang='lat' dir='ltr'><strong>ipso</strong></span> <span class='ocrx_word' id='word_1_29' title='bbox 1492 904 1627 970; x_wconf 89' lang='lat' dir='ltr'><strong>sine</strong></span> <span class='ocrx_word' id='word_1_30' title='bbox 1670 905 1804 971; x_wconf 90' lang='lat' dir='ltr'><strong>ulla</strong></span> <span class='ocrx_word' id='word_1_31' title='bbox 1847 904 2237 970; x_wconf 84' lang='lat' dir='ltr'><strong>dubitatione</strong></span> <span class='ocrx_word' id='word_1_32' title='bbox 2270 904 2560 970; x_wconf 91' lang='lat' dir='ltr'><strong>mutilata</strong></span> <span class='ocrx_word' id='word_1_33' title='bbox 2588 909 2778 986; x_wconf 88' lang='lat' dir='ltr'><strong>atque</strong></span> <span class='ocrx_word' id='word_1_34' title='bbox 2804 904 3046 970; x_wconf 90' lang='lat' dir='ltr'><strong>obscu-</strong></span> 
     </span>
     <span class='ocr_line' id='line_1_5' title="bbox 676 1001 3046 1088; baseline 0 -18"><span class='ocrx_word' id='word_1_35' title='bbox 676 1011 818 1070; x_wconf 81' lang='lat' dir='ltr'><strong>rata</strong></span> <span class='ocrx_word' id='word_1_36' title='bbox 857 1025 915 1070; x_wconf 84' lang='lat' dir='ltr'><strong>v.</strong></span> <span class='ocrx_word' id='word_1_37' title='bbox 947 1003 1029 1071; x_wconf 82' lang='grc'><strong>46</strong></span> <span class='ocrx_word' id='word_1_38' title='bbox 1045 1023 1142 1069; x_wconf 81' lang='lat' dir='ltr'><strong>ss:</strong></span> <span class='ocrx_word' id='word_1_39' title='bbox 1176 1002 1415 1086; x_wconf 78' lang='grc' dir='ltr'><strong><em>Ἐγνως</em></strong></span> <span class='ocrx_word' id='word_1_40' title='bbox 1444 1006 1567 1088; x_wconf 79' lang='grc' dir='ltr'><strong>μὲν</strong></span> <span class='ocrx_word' id='word_1_41' title='bbox 1596 1001 1771 1071; x_wconf 74' lang='grc' dir='ltr'><strong><em>αὐτὰ</em></strong></span> <span class='ocrx_word' id='word_1_42' title='bbox 1808 1004 2141 1088; x_wconf 75' lang='grc' dir='ltr'><strong><em>στάσιμον</em></strong></span> <span class='ocrx_word' id='word_1_43' title='bbox 2183 1004 2276 1071; x_wconf 82' lang='grc' dir='ltr'><strong>δέ·</strong></span> <span class='ocrx_word' id='word_1_44' title='bbox 2300 1028 2416 1087; x_wconf 85' lang='grc' dir='ltr'><strong>μοι</strong></span> <span class='ocrx_word' id='word_1_45' title='bbox 2458 1003 2659 1088; x_wconf 71' lang='grc' dir='ltr'><em>μάθε·</em></span> <span class='ocrx_word' id='word_1_46' title='bbox 2683 1001 2820 1088; x_wconf 80' lang='grc' dir='ltr'><strong><em>μετ’</em></strong></span> <span class='ocrx_word' id='word_1_47' title='bbox 2846 1004 3046 1070; x_wconf 77' lang='grc' dir='ltr'><strong><em>εἴσο-</em></strong></span> 
     </span>
     <span class='ocr_line' id='line_1_6' title="bbox 675 1101 3044 1190; baseline -0.001 -19"><span class='ocrx_word' id='word_1_48' title='bbox 675 1106 799 1171; x_wconf 78' lang='grc' dir='ltr'><strong>δον</strong></span> <span class='ocrx_word' id='word_1_49' title='bbox 840 1106 962 1189; x_wconf 81' lang='grc' dir='ltr'><strong>μὲν</strong></span> <span class='ocrx_word' id='word_1_50' title='bbox 1003 1101 1160 1186; x_wconf 74' lang='grc' dir='ltr'><strong><em>ἔσχε</em></strong></span> <span class='ocrx_word' id='word_1_51' title='bbox 1199 1106 1317 1190; x_wconf 82' lang='grc' dir='ltr'><strong>τὴν</strong></span> <span class='ocrx_word' id='word_1_52' title='bbox 1357 1106 1551 1183; x_wconf 79' lang='grc' dir='ltr'><strong><em>τάξιν</em></strong></span> <span class='ocrx_word' id='word_1_53' title='bbox 1593 1109 1851 1190; x_wconf 79' lang='grc' dir='ltr'><strong><em>φέρειν,</em></strong></span> <span class='ocrx_word' id='word_1_54' title='bbox 1895 1103 2027 1171; x_wconf 73' lang='grc' dir='ltr'><strong>ἔπ’</strong></span> <span class='ocrx_word' id='word_1_55' title='bbox 2072 1103 2158 1169; x_wconf 76' lang='grc' dir='ltr'><strong>ἂν</strong></span> <span class='ocrx_word' id='word_1_56' title='bbox 2202 1105 2279 1170; x_wconf 84' lang='grc' dir='ltr'><strong>τὸ</strong></span> <span class='ocrx_word' id='word_1_57' title='bbox 2322 1110 2595 1188; x_wconf 76' lang='grc' dir='ltr'><strong><em>πρῶτον</em></strong></span> <span class='ocrx_word' id='word_1_58' title='bbox 2637 1101 3044 1171; x_wconf 75' lang='grc' dir='ltr'><strong><em>ἐπεισόδιον</em></strong></span> 
     </span>
     <span class='ocr_line' id='line_1_7' title="bbox 674 1202 3041 1294; baseline -0 -23"><span class='ocrx_word' id='word_1_59' title='bbox 674 1205 934 1290; x_wconf 81' lang='grc' dir='ltr'><strong><em>δρᾶται.</em></strong></span> <span class='ocrx_word' id='word_1_60' title='bbox 978 1213 1069 1294; x_wconf 74' lang='grc' dir='ltr'><strong>τῷ</strong></span> <span class='ocrx_word' id='word_1_61' title='bbox 1108 1202 1468 1289; x_wconf 80' lang='grc' dir='ltr'><strong><em>δράματι</em></strong></span> <span class='ocrx_word' id='word_1_62' title='bbox 1511 1203 1572 1270; x_wconf 84' lang='grc' dir='ltr'><strong>δ’</strong></span> <span class='ocrx_word' id='word_1_63' title='bbox 1617 1205 1839 1271; x_wconf 79' lang='grc' dir='ltr'><strong><em>οὔπω</em></strong></span> <span class='ocrx_word' id='word_1_64' title='bbox 1883 1231 1962 1271; x_wconf 88' lang='grc' dir='ltr'><strong>τι</strong></span> <span class='ocrx_word' id='word_1_65' title='bbox 2003 1210 2157 1271; x_wconf 78' lang='grc' dir='ltr'><strong>τῶν</strong></span> <span class='ocrx_word' id='word_1_66' title='bbox 2201 1206 2570 1289; x_wconf 77' lang='grc' dir='ltr'><strong><em>σκυλμῶν</em></strong></span> <span class='ocrx_word' id='word_1_67' title='bbox 2608 1210 2889 1290; x_wconf 80' lang='grc' dir='ltr'><strong><em>μέρος,</em></strong></span> <span class='ocrx_word' id='word_1_68' title='bbox 2934 1205 3041 1270; x_wconf 69' lang='lat' dir='ltr'><strong>elt-</strong></span> 
     </span>
     <span class='ocr_line' id='line_1_8' title="bbox 672 1301 3044 1390; baseline -0 -19"><span class='ocrx_word' id='word_1_69' title='bbox 672 1330 836 1371; x_wconf 85' lang='grc' dir='ltr'><strong><em>τουν</em></strong></span> <span class='ocrx_word' id='word_1_70' title='bbox 878 1303 1244 1390; x_wconf 73' lang='grc' dir='ltr'><strong><em>ἀξιόχρεων</em></strong></span> <span class='ocrx_word' id='word_1_71' title='bbox 1285 1301 1421 1388; x_wconf 74' lang='grc' dir='ltr'><strong>μετ’</strong></span> <span class='ocrx_word' id='word_1_72' title='bbox 1467 1302 1689 1371; x_wconf 77' lang='grc' dir='ltr'><strong><em>αὐτῶν</em></strong></span> <span class='ocrx_word' id='word_1_73' title='bbox 1731 1303 1977 1382; x_wconf 71' lang='grc' dir='ltr'><strong><em>πάθος.</em></strong></span> <span class='ocrx_word' id='word_1_74' title='bbox 2062 1303 2271 1389; x_wconf 83' lang='lat' dir='ltr'><strong>Magis</strong></span> <span class='ocrx_word' id='word_1_75' title='bbox 2325 1310 2536 1371; x_wconf 78' lang='lat' dir='ltr'><strong>autem</strong></span> <span class='ocrx_word' id='word_1_76' title='bbox 2591 1304 2873 1371; x_wconf 84' lang='lat' dir='ltr'><strong>definitio</strong></span> <span class='ocrx_word' id='word_1_77' title='bbox 2915 1303 3044 1372; x_wconf 78' lang='lat' dir='ltr'><strong>illa</strong></span> 
     </span>
     <span class='ocr_line' id='line_1_9' title="bbox 673 1405 3041 1492; baseline 0 -20"><span class='ocrx_word' id='word_1_78' title='bbox 673 1406 972 1492; x_wconf 80' lang='lat' dir='ltr'><strong>placebit,</strong></span> <span class='ocrx_word' id='word_1_79' title='bbox 1015 1408 1070 1469; x_wconf 87' lang='lat' dir='ltr'><strong>si</strong></span> <span class='ocrx_word' id='word_1_80' title='bbox 1113 1406 1178 1469; x_wconf 92' lang='lat' dir='ltr'><strong>in</strong></span> <span class='ocrx_word' id='word_1_81' title='bbox 1220 1406 1364 1489; x_wconf 90' lang='lat' dir='ltr'><strong>ipsa</strong></span> <span class='ocrx_word' id='word_1_82' title='bbox 1406 1425 1562 1471; x_wconf 90' lang='lat' dir='ltr'><strong>voce</strong></span> <span class='ocrx_word' id='word_1_83' title='bbox 1608 1405 1852 1471; x_wconf 90' lang='lat' dir='ltr'><strong>stasimi</strong></span> <span class='ocrx_word' id='word_1_84' title='bbox 1897 1405 2165 1471; x_wconf 87' lang='lat' dir='ltr'><strong>eandem</strong></span> <span class='ocrx_word' id='word_1_85' title='bbox 2207 1407 2334 1471; x_wconf 87' lang='lat' dir='ltr'><strong>vim</strong></span> <span class='ocrx_word' id='word_1_86' title='bbox 2381 1425 2458 1472; x_wconf 86' lang='lat' dir='ltr'><strong>ac</strong></span> <span class='ocrx_word' id='word_1_87' title='bbox 2496 1413 2786 1472; x_wconf 89' lang='lat' dir='ltr'><strong>naturam</strong></span> <span class='ocrx_word' id='word_1_88' title='bbox 2815 1406 3041 1472; x_wconf 88' lang='lat' dir='ltr'><strong>inesse</strong></span> 
     </span>
     <span class='ocr_line' id='line_1_10' title="bbox 674 1505 3042 1592; baseline -0.002 -17"><span class='ocrx_word' id='word_1_89' title='bbox 674 1505 1313 1575; x_wconf 86' lang='lat' dir='ltr'><strong>demonstraverimus</strong></span> <span class='ocrx_word' id='word_1_90' title='bbox 1359 1525 1545 1589; x_wconf 89' lang='lat' dir='ltr'><strong>quam</strong></span> <span class='ocrx_word' id='word_1_91' title='bbox 1576 1507 1841 1572; x_wconf 82' lang='lat' dir='ltr'><strong>Mueller</strong></span> <span class='ocrx_word' id='word_1_92' title='bbox 1871 1507 2216 1592; x_wconf 88' lang='lat' dir='ltr'><strong>supposuit.</strong></span> <span class='ocrx_word' id='word_1_93' title='bbox 2283 1507 2487 1590; x_wconf 87' lang='lat' dir='ltr'><strong>Atque</strong></span> <span class='ocrx_word' id='word_1_94' title='bbox 2530 1506 2856 1572; x_wconf 85' lang='lat' dir='ltr'><strong>stasimum</strong></span> <span class='ocrx_word' id='word_1_95' title='bbox 2901 1525 3042 1573; x_wconf 90' lang='lat' dir='ltr'><strong>non</strong></span> 
     </span>
     <span class='ocr_line' id='line_1_11' title="bbox 674 1601 3038 1692; baseline -0.002 -17"><span class='ocrx_word' id='word_1_96' title='bbox 674 1629 716 1675; x_wconf 91' lang='lat' dir='ltr'><strong>a</strong></span> <span class='ocrx_word' id='word_1_97' title='bbox 756 1607 1067 1675; x_wconf 84' lang='lat' dir='ltr'><strong>vocabulo</strong></span> <span class='ocrx_word' id='word_1_98' title='bbox 1109 1608 1367 1692; x_wconf 77' lang='grc' dir='ltr'><strong><em>ἵστημι,</em></strong></span> <span class='ocrx_word' id='word_1_99' title='bbox 1411 1606 1525 1673; x_wconf 91' lang='lat' dir='ltr'><strong>sed</strong></span> <span class='ocrx_word' id='word_1_100' title='bbox 1570 1627 1611 1672; x_wconf 90' lang='lat' dir='ltr'><strong>a</strong></span> <span class='ocrx_word' id='word_1_101' title='bbox 1653 1606 1889 1684; x_wconf 80' lang='grc' dir='ltr'><strong><em>στάσις</em></strong></span> <span class='ocrx_word' id='word_1_102' title='bbox 1932 1608 2281 1674; x_wconf 86' lang='lat' dir='ltr'><strong>derivatam</strong></span> <span class='ocrx_word' id='word_1_103' title='bbox 2325 1627 2470 1673; x_wconf 90' lang='lat' dir='ltr'><strong>esse</strong></span> <span class='ocrx_word' id='word_1_104' title='bbox 2513 1611 2792 1687; x_wconf 84' lang='lat' dir='ltr'><strong>constat3</strong></span> <span class='ocrx_word' id='word_1_105' title='bbox 2864 1601 3038 1672; x_wconf 80' lang='grc' dir='ltr'><strong><em>στά-</em></strong></span> 
     </span>
     <span class='ocr_line' id='line_1_12' title="bbox 675 1708 3036 1794; baseline -0.002 -18"><span class='ocrx_word' id='word_1_106' title='bbox 675 1731 780 1788; x_wconf 84' lang='grc' dir='ltr'><strong>σις</strong></span> <span class='ocrx_word' id='word_1_107' title='bbox 823 1716 1033 1775; x_wconf 90' lang='lat' dir='ltr'><strong>autem</strong></span> <span class='ocrx_word' id='word_1_108' title='bbox 1077 1708 1415 1791; x_wconf 90' lang='lat' dir='ltr'><strong>opponitur</strong></span> <span class='ocrx_word' id='word_1_109' title='bbox 1455 1713 1742 1792; x_wconf 76' lang='grc' dir='ltr'><strong><em>κίνησιςς</em></strong></span> <span class='ocrx_word' id='word_1_110' title='bbox 1808 1715 2015 1775; x_wconf 90' lang='lat' dir='ltr'><strong>motus</strong></span> <span class='ocrx_word' id='word_1_111' title='bbox 2071 1709 2263 1793; x_wconf 86' lang='lat' dir='ltr'><strong>igitur</strong></span> <span class='ocrx_word' id='word_1_112' title='bbox 2316 1728 2440 1792; x_wconf 89' lang='lat' dir='ltr'><strong>quo</strong></span> <span class='ocrx_word' id='word_1_113' title='bbox 2482 1708 2797 1794; x_wconf 87' lang='lat' dir='ltr'><strong>pertineat</strong></span> <span class='ocrx_word' id='word_1_114' title='bbox 2834 1726 3036 1792; x_wconf 90' lang='lat' dir='ltr'><strong>quae·</strong></span> 
     </span>
     <span class='ocr_line' id='line_1_13' title="bbox 673 1808 3035 1894; baseline -0.001 -18"><span class='ocrx_word' id='word_1_115' title='bbox 673 1812 844 1876; x_wconf 88' lang='lat' dir='ltr'><strong>ritur.</strong></span> <span class='ocrx_word' id='word_1_116' title='bbox 929 1808 1030 1874; x_wconf 92' lang='lat' dir='ltr'><strong>Ad</strong></span> <span class='ocrx_word' id='word_1_117' title='bbox 1082 1809 1382 1888; x_wconf 79' lang='lat' dir='ltr'><strong>chorum,</strong></span> <span class='ocrx_word' id='word_1_118' title='bbox 1451 1828 1671 1876; x_wconf 91' lang='lat' dir='ltr'><strong>omnes</strong></span> <span class='ocrx_word' id='word_1_119' title='bbox 1744 1811 1851 1894; x_wconf 88' lang='lat' dir='ltr'><strong>qui</strong></span> <span class='ocrx_word' id='word_1_120' title='bbox 1912 1811 2034 1877; x_wconf 91' lang='lat' dir='ltr'><strong>hac</strong></span> <span class='ocrx_word' id='word_1_121' title='bbox 2099 1811 2179 1876; x_wconf 90' lang='lat' dir='ltr'><strong>de</strong></span> <span class='ocrx_word' id='word_1_122' title='bbox 2249 1831 2318 1876; x_wconf 94' lang='lat' dir='ltr'><strong>re</strong></span> <span class='ocrx_word' id='word_1_123' title='bbox 2394 1810 2706 1893; x_wconf 87' lang='lat' dir='ltr'><strong>scripsere</strong></span> <span class='ocrx_word' id='word_1_124' title='bbox 2768 1827 3035 1892; x_wconf 90' lang='lat' dir='ltr'><strong>respon-</strong></span> 
     </span>
     <span class='ocr_line' id='line_1_14' title="bbox 672 1909 3032 1995; baseline -0.001 -17"><span class='ocrx_word' id='word_1_125' title='bbox 672 1911 838 1978; x_wconf 87' lang='lat' dir='ltr'><strong>dent.</strong></span> <span class='ocrx_word' id='word_1_126' title='bbox 923 1909 1009 1974; x_wconf 87' lang='lat' dir='ltr'><strong>At</strong></span> <span class='ocrx_word' id='word_1_127' title='bbox 1052 1910 1254 1976; x_wconf 90' lang='lat' dir='ltr'><strong>altera</strong></span> <span class='ocrx_word' id='word_1_128' title='bbox 1296 1914 1547 1995; x_wconf 80' lang='grc' dir='ltr'><strong><em>κίνησις</em></strong></span> <span class='ocrx_word' id='word_1_129' title='bbox 1587 1911 1899 1995; x_wconf 88' lang='lat' dir='ltr'><strong>reperitur</strong></span> <span class='ocrx_word' id='word_1_130' title='bbox 1926 1912 1990 1977; x_wconf 87' lang='lat' dir='ltr'><strong>in</strong></span> <span class='ocrx_word' id='word_1_131' title='bbox 2039 1911 2349 1989; x_wconf 86' lang='lat' dir='ltr'><strong>dramate,</strong></span> <span class='ocrx_word' id='word_1_132' title='bbox 2392 1917 2598 1977; x_wconf 89' lang='lat' dir='ltr'><strong>motus</strong></span> <span class='ocrx_word' id='word_1_133' title='bbox 2638 1910 2839 1994; x_wconf 91' lang='lat' dir='ltr'><strong>ipsius</strong></span> <span class='ocrx_word' id='word_1_134' title='bbox 2882 1910 3032 1975; x_wconf 85' lang='lat' dir='ltr'><strong>dra·</strong></span> 
     </span>
     <span class='ocr_line' id='line_1_15' title="bbox 671 2010 3033 2095; baseline -0.001 -17"><span class='ocrx_word' id='word_1_135' title='bbox 671 2012 890 2091; x_wconf 88' lang='lat' dir='ltr'><strong>matis,</strong></span> <span class='ocrx_word' id='word_1_136' title='bbox 953 2010 1076 2076; x_wconf 90' lang='lat' dir='ltr'><strong>hoc</strong></span> <span class='ocrx_word' id='word_1_137' title='bbox 1131 2019 1228 2076; x_wconf 89' lang='lat' dir='ltr'><strong>est</strong></span> <span class='ocrx_word' id='word_1_138' title='bbox 1284 2013 1552 2077; x_wconf 88' lang='lat' dir='ltr'><strong>actionis</strong></span> <span class='ocrx_word' id='word_1_139' title='bbox 1606 2012 1941 2079; x_wconf 87' lang='lat' dir='ltr'><strong>scaenicae</strong></span> <span class='ocrx_word' id='word_1_140' title='bbox 2000 2012 2403 2078; x_wconf 88' lang='lat' dir='ltr'><strong>continuatio.</strong></span> <span class='ocrx_word' id='word_1_141' title='bbox 2491 2011 2702 2090; x_wconf 82' lang='lat' dir='ltr'><strong>Quare</strong></span> <span class='ocrx_word' id='word_1_142' title='bbox 2765 2029 3033 2095; x_wconf 90' lang='lat' dir='ltr'><strong>prorsus</strong></span> 
     </span>
     <span class='ocr_line' id='line_1_16' title="bbox 669 2108 3031 2195; baseline 0 -17"><span class='ocrx_word' id='word_1_143' title='bbox 669 2132 796 2178; x_wconf 89' lang='lat' dir='ltr'><strong>non</strong></span> <span class='ocrx_word' id='word_1_144' title='bbox 842 2108 1227 2195; x_wconf 65' lang='lat' dir='ltr'><strong>intellegitur</strong></span> <span class='ocrx_word' id='word_1_145' title='bbox 1271 2131 1379 2177; x_wconf 89' lang='lat' dir='ltr'><strong>cur</strong></span> <span class='ocrx_word' id='word_1_146' title='bbox 1422 2111 1660 2190; x_wconf 77' lang='grc' dir='ltr'><strong><em>στάσις</em></strong></span> <span class='ocrx_word' id='word_1_147' title='bbox 1720 2133 1845 2179; x_wconf 90' lang='lat' dir='ltr'><strong>non</strong></span> <span class='ocrx_word' id='word_1_148' title='bbox 1888 2114 1971 2179; x_wconf 92' lang='lat' dir='ltr'><strong>ad</strong></span> <span class='ocrx_word' id='word_1_149' title='bbox 2015 2113 2374 2180; x_wconf 87' lang='lat' dir='ltr'><strong>scaenicam</strong></span> <span class='ocrx_word' id='word_1_150' title='bbox 2417 2113 2732 2179; x_wconf 89' lang='lat' dir='ltr'><strong>actionem</strong></span> <span class='ocrx_word' id='word_1_151' title='bbox 2770 2129 3031 2178; x_wconf 85' lang='lat' dir='ltr'><strong>revoce-</strong></span> 
     </span>
     <span class='ocr_line' id='line_1_17' title="bbox 669 2212 3031 2297; baseline -0.002 -16"><span class='ocrx_word' id='word_1_152' title='bbox 669 2222 787 2282; x_wconf 92' lang='lat' dir='ltr'><strong>tur.</strong></span> <span class='ocrx_word' id='word_1_153' title='bbox 873 2213 1089 2292; x_wconf 81' lang='lat' dir='ltr'><strong>Quid?</strong></span> <span class='ocrx_word' id='word_1_154' title='bbox 1153 2213 1320 2296; x_wconf 92' lang='lat' dir='ltr'><strong>quod</strong></span> <span class='ocrx_word' id='word_1_155' title='bbox 1378 2215 1612 2278; x_wconf 88' lang='lat' dir='ltr'><strong>caeteri</strong></span> <span class='ocrx_word' id='word_1_156' title='bbox 1665 2213 1769 2297; x_wconf 89' lang='lat' dir='ltr'><strong>qui</strong></span> <span class='ocrx_word' id='word_1_157' title='bbox 1825 2215 2225 2281; x_wconf 85' lang='lat' dir='ltr'><strong>inveniuntur</strong></span> <span class='ocrx_word' id='word_1_158' title='bbox 2280 2214 2527 2280; x_wconf 88' lang='lat' dir='ltr'><strong>termini</strong></span> <span class='ocrx_word' id='word_1_159' title='bbox 2569 2212 2842 2279; x_wconf 87' lang='lat' dir='ltr'><strong>technici</strong></span> <span class='ocrx_word' id='word_1_160' title='bbox 2883 2231 3031 2277; x_wconf 89' lang='lat' dir='ltr'><strong>eam</strong></span> 
     </span>
     <span class='ocr_line' id='line_1_18' title="bbox 670 2313 3030 2400; baseline 0 -20"><span class='ocrx_word' id='word_1_161' title='bbox 670 2316 876 2400; x_wconf 89' lang='lat' dir='ltr'><strong>ipsam</strong></span> <span class='ocrx_word' id='word_1_162' title='bbox 923 2333 1110 2397; x_wconf 87' lang='lat' dir='ltr'><strong>quam</strong></span> <span class='ocrx_word' id='word_1_163' title='bbox 1155 2333 1271 2379; x_wconf 91' lang='lat' dir='ltr'><strong>nos</strong></span> <span class='ocrx_word' id='word_1_164' title='bbox 1313 2315 1757 2399; x_wconf 87' lang='lat' dir='ltr'><strong>proposuimus</strong></span> <span class='ocrx_word' id='word_1_165' title='bbox 1800 2314 2380 2400; x_wconf 86' lang='lat' dir='ltr'><strong>interpretationem</strong></span> <span class='ocrx_word' id='word_1_166' title='bbox 2424 2315 2601 2381; x_wconf 72' lang='lat' dir='ltr'><strong>vocis</strong></span> <span class='ocrx_word' id='word_1_167' title='bbox 2639 2313 2885 2379; x_wconf 89' lang='lat' dir='ltr'><strong>stasimi</strong></span> <span class='ocrx_word' id='word_1_168' title='bbox 2913 2332 3030 2397; x_wconf 91' lang='lat' dir='ltr'><strong>po·</strong></span> 
     </span>
     <span class='ocr_line' id='line_1_19' title="bbox 671 2414 3029 2500; baseline -0.001 -18"><span class='ocrx_word' id='word_1_169' title='bbox 671 2418 907 2483; x_wconf 89' lang='lat' dir='ltr'><strong>stulare</strong></span> <span class='ocrx_word' id='word_1_170' title='bbox 968 2414 1310 2480; x_wconf 80' lang='lat' dir='ltr'><strong>videntur?</strong></span> <span class='ocrx_word' id='word_1_171' title='bbox 1392 2414 1557 2480; x_wconf 90' lang='lat' dir='ltr'><strong>Nam</strong></span> <span class='ocrx_word' id='word_1_172' title='bbox 1601 2435 1684 2480; x_wconf 85' lang='lat' dir='ltr'><strong>ex</strong></span> <span class='ocrx_word' id='word_1_173' title='bbox 1727 2415 1819 2479; x_wconf 91' lang='lat' dir='ltr'><strong>eis</strong></span> <span class='ocrx_word' id='word_1_174' title='bbox 1863 2416 2003 2481; x_wconf 86' lang='lat' dir='ltr'><strong>sola</strong></span> <span class='ocrx_word' id='word_1_175' title='bbox 2044 2416 2324 2500; x_wconf 88' lang='lat' dir='ltr'><strong>parodus</strong></span> <span class='ocrx_word' id='word_1_176' title='bbox 2368 2416 2451 2482; x_wconf 91' lang='lat' dir='ltr'><strong>ad</strong></span> <span class='ocrx_word' id='word_1_177' title='bbox 2498 2415 2674 2481; x_wconf 90' lang='lat' dir='ltr'><strong>chori</strong></span> <span class='ocrx_word' id='word_1_178' title='bbox 2713 2415 3029 2480; x_wconf 89' lang='lat' dir='ltr'><strong>incessum</strong></span> 
     </span>
     <span class='ocr_line' id='line_1_20' title="bbox 670 2513 3030 2604; baseline -0.001 -21"><span class='ocrx_word' id='word_1_179' title='bbox 670 2523 882 2604; x_wconf 89' lang='lat' dir='ltr'><strong>potest</strong></span> <span class='ocrx_word' id='word_1_180' title='bbox 924 2515 1145 2582; x_wconf 85' lang='lat' dir='ltr'><strong>referri</strong></span> <span class='ocrx_word' id='word_1_181' title='bbox 1173 2513 1248 2599; x_wconf 88' lang='lat'><strong>¹),</strong></span> <span class='ocrx_word' id='word_1_182' title='bbox 1293 2523 1361 2579; x_wconf 86' lang='lat' dir='ltr'><strong>at</strong></span> <span class='ocrx_word' id='word_1_183' title='bbox 1401 2516 1622 2580; x_wconf 91' lang='lat' dir='ltr'><strong>eadem</strong></span> <span class='ocrx_word' id='word_1_184' title='bbox 1669 2514 1751 2580; x_wconf 88' lang='lat' dir='ltr'><strong>ad</strong></span> <span class='ocrx_word' id='word_1_185' title='bbox 1796 2535 2161 2600; x_wconf 88' lang='lat' dir='ltr'><strong>processum</strong></span> <span class='ocrx_word' id='word_1_186' title='bbox 2191 2517 2477 2599; x_wconf 90' lang='lat' dir='ltr'><strong>actionis,</strong></span> <span class='ocrx_word' id='word_1_187' title='bbox 2522 2523 2619 2581; x_wconf 90' lang='lat' dir='ltr'><strong>est</strong></span> <span class='ocrx_word' id='word_1_188' title='bbox 2647 2514 2814 2581; x_wconf 92' lang='lat' dir='ltr'><strong>enim</strong></span> <span class='ocrx_word' id='word_1_189' title='bbox 2846 2514 3030 2599; x_wconf 88' lang='lat' dir='ltr'><strong>quasi</strong></span> 
     </span>
     <span class='ocr_line' id='line_1_21' title="bbox 572 2616 3027 2705; baseline -0.002 -20"><span class='ocrx_word' id='word_1_190' title='bbox 572 2686 580 2699; x_wconf 68' lang='grc'><strong>,</strong></span> <span class='ocrx_word' id='word_1_191' title='bbox 668 2617 989 2705; x_wconf 87' lang='lat' dir='ltr'><strong>praelusio</strong></span> <span class='ocrx_word' id='word_1_192' title='bbox 1048 2616 1314 2682; x_wconf 89' lang='lat' dir='ltr'><strong>actionis</strong></span> <span class='ocrx_word' id='word_1_193' title='bbox 1378 2616 1711 2682; x_wconf 86' lang='lat' dir='ltr'><strong>scaenicae</strong></span> <span class='ocrx_word' id='word_1_194' title='bbox 1768 2616 2156 2702; x_wconf 83' lang='lat' dir='ltr'><strong>incipientis3</strong></span> <span class='ocrx_word' id='word_1_195' title='bbox 2229 2616 2469 2683; x_wconf 84' lang='lat' dir='ltr'><strong>exodus</strong></span> <span class='ocrx_word' id='word_1_196' title='bbox 2529 2636 2679 2683; x_wconf 81' lang='lat' dir='ltr'><strong>vero</strong></span> <span class='ocrx_word' id='word_1_197' title='bbox 2690 2665 2709 2700; x_wconf 89' lang='lat'>‚</span> <span class='ocrx_word' id='word_1_198' title='bbox 2773 2616 3027 2700; x_wconf 87' lang='lat' dir='ltr'><strong>qualem</strong></span> 
     </span>
     <span class='ocr_line' id='line_1_22' title="bbox 642 2716 3026 2809; baseline -0.002 -24"><span class='ocrx_word' id='word_1_199' title='bbox 642 2719 920 2809; x_wconf 31' lang='lat' dir='ltr'><strong>‘quidem</strong></span> <span class='ocrx_word' id='word_1_200' title='bbox 981 2716 1275 2802; x_wconf 83' lang='lat' dir='ltr'><strong>agnoscit</strong></span> <span class='ocrx_word' id='word_1_201' title='bbox 1328 2716 1735 2800; x_wconf 76' lang='lat' dir='ltr'><strong>AristoteleS,</strong></span> <span class='ocrx_word' id='word_1_202' title='bbox 1803 2724 1864 2784; x_wconf 84' lang='lat' dir='ltr'><strong>et</strong></span> <span class='ocrx_word' id='word_1_203' title='bbox 1910 2718 2262 2805; x_wconf 90' lang='lat' dir='ltr'><strong>episodium</strong></span> <span class='ocrx_word' id='word_1_204' title='bbox 2317 2739 2445 2784; x_wconf 90' lang='lat' dir='ltr'><strong>non</strong></span> <span class='ocrx_word' id='word_1_205' title='bbox 2500 2717 2621 2784; x_wconf 88' lang='lat' dir='ltr'><strong>nisi</strong></span> <span class='ocrx_word' id='word_1_206' title='bbox 2680 2716 2765 2783; x_wconf 91' lang='lat' dir='ltr'><strong>ad</strong></span> <span class='ocrx_word' id='word_1_207' title='bbox 2819 2717 3026 2802; x_wconf 88' lang='lat' dir='ltr'><strong>ipsam</strong></span> 
     </span>
     <span class='ocr_line' id='line_1_23' title="bbox 667 2817 3025 2906; baseline -0.002 -18"><span class='ocrx_word' id='word_1_208' title='bbox 667 2826 959 2906; x_wconf 88' lang='lat' dir='ltr'><strong>spectant</strong></span> <span class='ocrx_word' id='word_1_209' title='bbox 1013 2824 1213 2884; x_wconf 89' lang='lat' dir='ltr'><strong>artem</strong></span> <span class='ocrx_word' id='word_1_210' title='bbox 1267 2818 1672 2902; x_wconf 86' lang='lat' dir='ltr'><strong>histrionum,</strong></span> <span class='ocrx_word' id='word_1_211' title='bbox 1735 2819 1884 2903; x_wconf 89' lang='lat' dir='ltr'><strong>quia</strong></span> <span class='ocrx_word' id='word_1_212' title='bbox 1939 2821 2051 2887; x_wconf 92' lang='lat' dir='ltr'><strong>illa</strong></span> <span class='ocrx_word' id='word_1_213' title='bbox 2104 2827 2203 2887; x_wconf 88' lang='lat' dir='ltr'><strong>est</strong></span> <span class='ocrx_word' id='word_1_214' title='bbox 2265 2820 2532 2886; x_wconf 90' lang='lat' dir='ltr'><strong>actionis</strong></span> <span class='ocrx_word' id='word_1_215' title='bbox 2600 2838 2751 2905; x_wconf 90' lang='lat' dir='ltr'><strong>pars</strong></span> <span class='ocrx_word' id='word_1_216' title='bbox 2794 2817 3025 2900; x_wconf 84' lang='lat' dir='ltr'><strong>finalis,</strong></span> 
     </span>
     <span class='ocr_line' id='line_1_24' title="bbox 667 2919 3024 3006; baseline -0.003 -17"><span class='ocrx_word' id='word_1_217' title='bbox 667 2924 829 2989; x_wconf 92' lang='lat' dir='ltr'><strong>haec</strong></span> <span class='ocrx_word' id='word_1_218' title='bbox 883 2921 1126 2986; x_wconf 84' lang='lat' dir='ltr'><strong>initium</strong></span> <span class='ocrx_word' id='word_1_219' title='bbox 1185 2920 1503 3003; x_wconf 86' lang='lat' dir='ltr'><strong>significat</strong></span> <span class='ocrx_word' id='word_1_220' title='bbox 1555 2919 1759 3005; x_wconf 88' lang='lat' dir='ltr'><strong>ipsius</strong></span> <span class='ocrx_word' id='word_1_221' title='bbox 1798 2921 2064 2986; x_wconf 87' lang='lat' dir='ltr'><strong>actionis</strong></span> <span class='ocrx_word' id='word_1_222' title='bbox 2107 2921 2209 2987; x_wconf 90' lang='lat' dir='ltr'><strong>vel</strong></span> <span class='ocrx_word' id='word_1_223' title='bbox 2251 2922 2451 3006; x_wconf 88' lang='lat' dir='ltr'><strong>partis</strong></span> <span class='ocrx_word' id='word_1_224' title='bbox 2496 2921 2630 2987; x_wconf 90' lang='lat' dir='ltr'><strong>eius</strong></span> <span class='ocrx_word' id='word_1_225' title='bbox 2674 2920 3024 2986; x_wconf 88' lang='lat' dir='ltr'><strong>cuiusdam.</strong></span> 
     </span>
     <span class='ocr_line' id='line_1_25' title="bbox 667 3010 3022 3106; baseline -0.002 -17"><span class='ocrx_word' id='word_1_226' title='bbox 667 3024 846 3103; x_wconf 82' lang='lat' dir='ltr'><strong>Quae</strong></span> <span class='ocrx_word' id='word_1_227' title='bbox 892 3043 1029 3089; x_wconf 92' lang='lat' dir='ltr'><strong>cum</strong></span> <span class='ocrx_word' id='word_1_228' title='bbox 1073 3022 1165 3086; x_wconf 92' lang='lat' dir='ltr'><strong>ita</strong></span> <span class='ocrx_word' id='word_1_229' title='bbox 1208 3022 1366 3106; x_wconf 91' lang='lat' dir='ltr'><strong>sint,</strong></span> <span class='ocrx_word' id='word_1_230' title='bbox 1429 3019 1661 3096; x_wconf 79' lang='grc' dir='ltr'><strong><em>στάσις</em></strong></span> <span class='ocrx_word' id='word_1_231' title='bbox 1726 3040 1973 3105; x_wconf 91' lang='lat' dir='ltr'><strong>quoque</strong></span> <span class='ocrx_word' id='word_1_232' title='bbox 2028 3042 2153 3088; x_wconf 84' lang='lat' dir='ltr'><strong>vox</strong></span> <span class='ocrx_word' id='word_1_233' title='bbox 2194 3021 2499 3088; x_wconf 89' lang='lat' dir='ltr'><strong>terminus</strong></span> <span class='ocrx_word' id='word_1_234' title='bbox 2542 3010 2866 3087; x_wconf 55' lang='lat' dir='ltr'><strong>tech&#39;nicus</strong></span> <span class='ocrx_word' id='word_1_235' title='bbox 2908 3039 3022 3104; x_wconf 90' lang='lat' dir='ltr'><strong>pu-</strong></span> 
     </span>
     <span class='ocr_line' id='line_1_26' title="bbox 664 3122 3026 3208; baseline -0.001 -18"><span class='ocrx_word' id='word_1_236' title='bbox 664 3123 896 3191; x_wconf 89' lang='lat' dir='ltr'><strong>tandus</strong></span> <span class='ocrx_word' id='word_1_237' title='bbox 942 3127 1039 3187; x_wconf 90' lang='lat' dir='ltr'><strong>est</strong></span> <span class='ocrx_word' id='word_1_238' title='bbox 1081 3141 1161 3187; x_wconf 84' lang='lat' dir='ltr'><strong>ex</strong></span> <span class='ocrx_word' id='word_1_239' title='bbox 1202 3122 1499 3187; x_wconf 88' lang='lat' dir='ltr'><strong>scaenica</strong></span> <span class='ocrx_word' id='word_1_240' title='bbox 1543 3123 1789 3189; x_wconf 88' lang='lat' dir='ltr'><strong>actione</strong></span> <span class='ocrx_word' id='word_1_241' title='bbox 1835 3123 2087 3208; x_wconf 78' lang='lat' dir='ltr'><strong>ductae,</strong></span> <span class='ocrx_word' id='word_1_242' title='bbox 2151 3143 2334 3207; x_wconf 91' lang='lat' dir='ltr'><strong>quem</strong></span> <span class='ocrx_word' id='word_1_243' title='bbox 2388 3122 2585 3189; x_wconf 89' lang='lat' dir='ltr'><strong>latine</strong></span> <span class='ocrx_word' id='word_1_244' title='bbox 2637 3123 2820 3207; x_wconf 89' lang='lat' dir='ltr'><strong>quasi</strong></span> <span class='ocrx_word' id='word_1_245' title='bbox 2895 3127 3026 3187; x_wconf 85' lang='lat' dir='ltr'><strong>sta·</strong></span> 
     </span>
     <span class='ocr_line' id='line_1_27' title="bbox 665 3221 3030 3308; baseline -0.001 -18"><span class='ocrx_word' id='word_1_246' title='bbox 665 3225 898 3290; x_wconf 89' lang='lat' dir='ltr'><strong>tionem</strong></span> <span class='ocrx_word' id='word_1_247' title='bbox 964 3222 1232 3288; x_wconf 86' lang='lat' dir='ltr'><strong>actionis</strong></span> <span class='ocrx_word' id='word_1_248' title='bbox 1276 3223 1614 3307; x_wconf 78' lang='lat' dir='ltr'><strong>appellare</strong></span> <span class='ocrx_word' id='word_1_249' title='bbox 1672 3223 1860 3306; x_wconf 90' lang='lat' dir='ltr'><strong>licet,</strong></span> <span class='ocrx_word' id='word_1_250' title='bbox 1929 3221 2021 3289; x_wconf 91' lang='lat' dir='ltr'><strong>ita</strong></span> <span class='ocrx_word' id='word_1_251' title='bbox 2071 3230 2140 3290; x_wconf 91' lang='lat' dir='ltr'><strong>ut</strong></span> <span class='ocrx_word' id='word_1_252' title='bbox 2191 3225 2454 3289; x_wconf 88' lang='lat' dir='ltr'><strong>stasima</strong></span> <span class='ocrx_word' id='word_1_253' title='bbox 2496 3224 2559 3288; x_wconf 92' lang='lat' dir='ltr'><strong>in</strong></span> <span class='ocrx_word' id='word_1_254' title='bbox 2603 3231 2896 3308; x_wconf 89' lang='lat' dir='ltr'><strong>promptu</strong></span> <span class='ocrx_word' id='word_1_255' title='bbox 2941 3222 3030 3288; x_wconf 89' lang='lat' dir='ltr'><strong>sit</strong></span> 
     </span>
     <span class='ocr_line' id='line_1_28' title="bbox 664 3323 3025 3404; baseline -0.001 -12"><span class='ocrx_word' id='word_1_256' title='bbox 664 3326 862 3392; x_wconf 91' lang='lat' dir='ltr'><strong>latino</strong></span> <span class='ocrx_word' id='word_1_257' title='bbox 906 3323 1159 3389; x_wconf 90' lang='lat' dir='ltr'><strong>nomine</strong></span> <span class='ocrx_word' id='word_1_258' title='bbox 1200 3342 1430 3389; x_wconf 84' lang='lat' dir='ltr'><strong>vocare</strong></span> <span class='ocrx_word' id='word_1_259' title='bbox 1477 3324 1760 3389; x_wconf 89' lang='lat' dir='ltr'><strong>carmina</strong></span> <span class='ocrx_word' id='word_1_260' title='bbox 1800 3332 1870 3390; x_wconf 92' lang='lat' dir='ltr'><strong>ut</strong></span> <span class='ocrx_word' id='word_1_261' title='bbox 1912 3326 2004 3390; x_wconf 88' lang='lat' dir='ltr'><strong>ita</strong></span> <span class='ocrx_word' id='word_1_262' title='bbox 2045 3325 2253 3391; x_wconf 88' lang='lat' dir='ltr'><strong>dicam</strong></span> <span class='ocrx_word' id='word_1_263' title='bbox 2297 3325 2562 3404; x_wconf 86' lang='lat' dir='ltr'><strong>stativa,</strong></span> <span class='ocrx_word' id='word_1_264' title='bbox 2607 3324 2729 3389; x_wconf 86' lang='lat' dir='ltr'><strong>hoc</strong></span> <span class='ocrx_word' id='word_1_265' title='bbox 2760 3330 2858 3390; x_wconf 78' lang='lat' dir='ltr'><strong>est</strong></span> <span class='ocrx_word' id='word_1_266' title='bbox 2885 3332 3025 3390; x_wconf 88' lang='lat' dir='ltr'><strong>tan-</strong></span> 
     </span>
     <span class='ocr_line' id='line_1_29' title="bbox 665 3423 2794 3511; baseline -0.001 -18"><span class='ocrx_word' id='word_1_267' title='bbox 665 3446 854 3511; x_wconf 89' lang='lat' dir='ltr'><strong>quam</strong></span> <span class='ocrx_word' id='word_1_268' title='bbox 893 3425 955 3490; x_wconf 93' lang='lat' dir='ltr'><strong>in</strong></span> <span class='ocrx_word' id='word_1_269' title='bbox 999 3424 1374 3490; x_wconf 89' lang='lat' dir='ltr'><strong>stationibus</strong></span> <span class='ocrx_word' id='word_1_270' title='bbox 1417 3423 1792 3507; x_wconf 87' lang='lat' dir='ltr'><strong>quibusdam</strong></span> <span class='ocrx_word' id='word_1_271' title='bbox 1838 3425 2104 3491; x_wconf 87' lang='lat' dir='ltr'><strong>actionis</strong></span> <span class='ocrx_word' id='word_1_272' title='bbox 2147 3425 2477 3491; x_wconf 84' lang='lat' dir='ltr'><strong>scaenicae</strong></span> <span class='ocrx_word' id='word_1_273' title='bbox 2521 3431 2794 3491; x_wconf 90' lang='lat' dir='ltr'><strong>cantata.</strong></span> 
     </span>
     <span class='ocr_line' id='line_1_30' title="bbox 826 3524 3029 3609; baseline 0 -17"><span class='ocrx_word' id='word_1_274' title='bbox 826 3527 1049 3592; x_wconf 88' lang='lat' dir='ltr'><strong>Restat</strong></span> <span class='ocrx_word' id='word_1_275' title='bbox 1088 3531 1157 3591; x_wconf 89' lang='lat' dir='ltr'><strong>ut</strong></span> <span class='ocrx_word' id='word_1_276' title='bbox 1198 3524 1623 3590; x_wconf 89' lang='lat' dir='ltr'><strong>Aristoteliam</strong></span> <span class='ocrx_word' id='word_1_277' title='bbox 1670 3524 2095 3592; x_wconf 88' lang='lat' dir='ltr'><strong>definitionem</strong></span> <span class='ocrx_word' id='word_1_278' title='bbox 2138 3526 2570 3609; x_wconf 85' lang='lat' dir='ltr'><strong>conferamus,</strong></span> <span class='ocrx_word' id='word_1_279' title='bbox 2636 3545 2799 3609; x_wconf 89' lang='lat' dir='ltr'><strong>quae</strong></span> <span class='ocrx_word' id='word_1_280' title='bbox 2862 3526 3029 3594; x_wconf 91' lang='lat' dir='ltr'><strong>haec</strong></span> 
     </span>
     <span class='ocr_line' id='line_1_31' title="bbox 667 3624 3022 3712; baseline -0.001 -18"><span class='ocrx_word' id='word_1_281' title='bbox 667 3634 792 3695; x_wconf 84' lang='lat' dir='ltr'><strong>est:</strong></span> <span class='ocrx_word' id='word_1_282' title='bbox 839 3626 1165 3710; x_wconf 78' lang='grc' dir='ltr'><strong><em>στάσιμον</em></strong></span> <span class='ocrx_word' id='word_1_283' title='bbox 1196 3625 1272 3691; x_wconf 77' lang='grc' dir='ltr'><strong>δὲ</strong></span> <span class='ocrx_word' id='word_1_284' title='bbox 1300 3626 1496 3709; x_wconf 78' lang='grc' dir='ltr'><strong><em>μέλος</em></strong></span> <span class='ocrx_word' id='word_1_285' title='bbox 1521 3633 1730 3711; x_wconf 82' lang='grc' dir='ltr'><strong><em>χοροῦ</em></strong></span> <span class='ocrx_word' id='word_1_286' title='bbox 1757 3627 1833 3692; x_wconf 83' lang='grc' dir='ltr'><strong>τὸ</strong></span> <span class='ocrx_word' id='word_1_287' title='bbox 1867 3626 2028 3693; x_wconf 75' lang='grc' dir='ltr'><em>ἄνευ</em></span> <span class='ocrx_word' id='word_1_288' title='bbox 2060 3624 2489 3694; x_wconf 79' lang='grc' dir='ltr'><strong><em>α’ναπαίστου</em></strong></span> <span class='ocrx_word' id='word_1_289' title='bbox 2533 3632 2645 3693; x_wconf 79' lang='grc' dir='ltr'><strong>καὶ</strong></span> <span class='ocrx_word' id='word_1_290' title='bbox 2682 3633 3022 3712; x_wconf 83' lang='grc' dir='ltr'><strong><em>τροχαίου.</em></strong></span> 
     </span>
     <span class='ocr_line' id='line_1_32' title="bbox 664 3727 3025 3818; baseline 0 -24"><span class='ocrx_word' id='word_1_291' title='bbox 664 3728 1007 3818; x_wconf 87' lang='lat' dir='ltr'><strong>Stasimum</strong></span> <span class='ocrx_word' id='word_1_292' title='bbox 1073 3727 1265 3810; x_wconf 86' lang='lat' dir='ltr'><strong>igitur</strong></span> <span class='ocrx_word' id='word_1_293' title='bbox 1319 3728 1470 3792; x_wconf 90' lang='lat' dir='ltr'><strong>dicit</strong></span> <span class='ocrx_word' id='word_1_294' title='bbox 1523 3747 1668 3793; x_wconf 93' lang='lat' dir='ltr'><strong>esse</strong></span> <span class='ocrx_word' id='word_1_295' title='bbox 1722 3728 1896 3793; x_wconf 91' lang='lat' dir='ltr'><strong>chori</strong></span> <span class='ocrx_word' id='word_1_296' title='bbox 1966 3729 2274 3794; x_wconf 89' lang='lat' dir='ltr'><strong>canticum</strong></span> <span class='ocrx_word' id='word_1_297' title='bbox 2336 3729 2764 3814; x_wconf 89' lang='lat' dir='ltr'><strong>anapaesticis</strong></span> <span class='ocrx_word' id='word_1_298' title='bbox 2821 3729 3025 3794; x_wconf 85' lang='lat' dir='ltr'><strong>versi-</strong></span> 
     </span>
     <span class='ocr_line' id='line_1_33' title="bbox 666 3827 3021 3914; baseline 0 -20"><span class='ocrx_word' id='word_1_299' title='bbox 666 3829 783 3895; x_wconf 89' lang='lat' dir='ltr'><strong>bus</strong></span> <span class='ocrx_word' id='word_1_300' title='bbox 829 3835 892 3895; x_wconf 87' lang='lat' dir='ltr'><strong>et</strong></span> <span class='ocrx_word' id='word_1_301' title='bbox 930 3827 1269 3894; x_wconf 82' lang='lat' dir='ltr'><strong>trochaicis</strong></span> <span class='ocrx_word' id='word_1_302' title='bbox 1315 3847 1540 3893; x_wconf 86' lang='lat' dir='ltr'><strong>carens</strong></span> <span class='ocrx_word' id='word_1_303' title='bbox 1582 3866 1668 3875; x_wconf 94' lang='lat'><strong>—</strong></span> <span class='ocrx_word' id='word_1_304' title='bbox 1693 3828 1786 3895; x_wconf 91' lang='lat' dir='ltr'><strong>sic</strong></span> <span class='ocrx_word' id='word_1_305' title='bbox 1818 3847 2037 3894; x_wconf 88' lang='lat' dir='ltr'><strong>omnes</strong></span> <span class='ocrx_word' id='word_1_306' title='bbox 2062 3828 2552 3914; x_wconf 88' lang='lat' dir='ltr'><strong>interpretantur</strong></span> <span class='ocrx_word' id='word_1_307' title='bbox 2588 3867 2690 3896; x_wconf 87' lang='lat'><strong>——.</strong></span> <span class='ocrx_word' id='word_1_308' title='bbox 2778 3828 3021 3908; x_wconf 82' lang='lat' dir='ltr'><strong>Quodsi</strong></span> 
     </span>
     <span class='ocr_line' id='line_1_34' title="bbox 664 3928 3023 4016; baseline 0.001 -22"><span class='ocrx_word' id='word_1_309' title='bbox 664 3929 728 3994; x_wconf 91' lang='lat' dir='ltr'><strong>in</strong></span> <span class='ocrx_word' id='word_1_310' title='bbox 791 3929 1070 3995; x_wconf 89' lang='lat' dir='ltr'><strong>stasimis</strong></span> <span class='ocrx_word' id='word_1_311' title='bbox 1135 3928 1604 4012; x_wconf 85' lang='lat' dir='ltr'><strong>tragoediarum</strong></span> <span class='ocrx_word' id='word_1_312' title='bbox 1659 3948 1824 4013; x_wconf 90' lang='lat' dir='ltr'><strong>quae</strong></span> <span class='ocrx_word' id='word_1_313' title='bbox 1878 3936 2121 3995; x_wconf 89' lang='lat' dir='ltr'><strong>restant</strong></span> <span class='ocrx_word' id='word_1_314' title='bbox 2175 3949 2295 3996; x_wconf 90' lang='lat' dir='ltr'><strong>nec</strong></span> <span class='ocrx_word' id='word_1_315' title='bbox 2351 3930 2744 4016; x_wconf 85' lang='lat' dir='ltr'><strong>anapaestici</strong></span> <span class='ocrx_word' id='word_1_316' title='bbox 2798 3949 3023 3996; x_wconf 86' lang='lat' dir='ltr'><strong>versus</strong></span> 
     </span>
     <span class='ocr_line' id='line_1_35' title="bbox 664 4029 3022 4115; baseline -0 -19"><span class='ocrx_word' id='word_1_317' title='bbox 664 4050 787 4096; x_wconf 89' lang='lat' dir='ltr'><strong>uec</strong></span> <span class='ocrx_word' id='word_1_318' title='bbox 845 4029 1148 4096; x_wconf 87' lang='lat' dir='ltr'><strong>trochaici</strong></span> <span class='ocrx_word' id='word_1_319' title='bbox 1205 4029 1484 4113; x_wconf 88' lang='lat' dir='ltr'><strong>strophis</strong></span> <span class='ocrx_word' id='word_1_320' title='bbox 1548 4029 1903 4112; x_wconf 88' lang='lat' dir='ltr'><strong>interpositi</strong></span> <span class='ocrx_word' id='word_1_321' title='bbox 1964 4030 2359 4115; x_wconf 88' lang='lat' dir='ltr'><strong>reperiuntur</strong></span> <span class='ocrx_word' id='word_1_322' title='bbox 2406 4069 2474 4078; x_wconf 88' lang='lat'><strong>--</strong></span> <span class='ocrx_word' id='word_1_323' title='bbox 2534 4051 2681 4096; x_wconf 89' lang='lat' dir='ltr'><strong>nam</strong></span> <span class='ocrx_word' id='word_1_324' title='bbox 2727 4031 3022 4096; x_wconf 88' lang='lat' dir='ltr'><strong>Eumeni-</strong></span> 
     </span>
     <span class='ocr_line' id='line_1_36' title="bbox 663 4129 3022 4217; baseline 0 -20"><span class='ocrx_word' id='word_1_325' title='bbox 663 4131 813 4197; x_wconf 91' lang='lat' dir='ltr'><strong>dum</strong></span> <span class='ocrx_word' id='word_1_326' title='bbox 873 4136 1173 4217; x_wconf 77' lang='lat' dir='ltr'><strong>quartum.</strong></span> <span class='ocrx_word' id='word_1_327' title='bbox 1226 4129 1401 4195; x_wconf 90' lang='lat' dir='ltr'><strong>chori</strong></span> <span class='ocrx_word' id='word_1_328' title='bbox 1458 4129 1769 4195; x_wconf 89' lang='lat' dir='ltr'><strong>canticum</strong></span> <span class='ocrx_word' id='word_1_329' title='bbox 1835 4149 1961 4195; x_wconf 91' lang='lat' dir='ltr'><strong>non</strong></span> <span class='ocrx_word' id='word_1_330' title='bbox 2016 4130 2342 4196; x_wconf 88' lang='lat' dir='ltr'><strong>stasimum</strong></span> <span class='ocrx_word' id='word_1_331' title='bbox 2388 4138 2514 4216; x_wconf 87' lang='lat' dir='ltr'><strong>est,</strong></span> <span class='ocrx_word' id='word_1_332' title='bbox 2581 4138 2649 4198; x_wconf 90' lang='lat' dir='ltr'><strong>ut</strong></span> <span class='ocrx_word' id='word_1_333' title='bbox 2688 4131 3022 4216; x_wconf 85' lang='lat' dir='ltr'><strong>Westphal</strong></span> 
     </span>
     <span class='ocr_line' id='line_1_37' title="bbox 665 4228 3022 4314; baseline 0.001 -17"><span class='ocrx_word' id='word_1_334' title='bbox 665 4232 831 4299; x_wconf 90' lang='lat' dir='ltr'><strong>falso</strong></span> <span class='ocrx_word' id='word_1_335' title='bbox 876 4230 1176 4310; x_wconf 88' lang='lat' dir='ltr'><strong>coniecit,</strong></span> <span class='ocrx_word' id='word_1_336' title='bbox 1233 4228 1347 4294; x_wconf 90' lang='lat' dir='ltr'><strong>sed</strong></span> <span class='ocrx_word' id='word_1_337' title='bbox 1392 4230 1632 4295; x_wconf 86' lang='lat' dir='ltr'><strong>exodus</strong></span> <span class='ocrx_word' id='word_1_338' title='bbox 1677 4230 1904 4296; x_wconf 87' lang='lat' dir='ltr'><strong>mixta:</strong></span> <span class='ocrx_word' id='word_1_339' title='bbox 1971 4231 2051 4298; x_wconf 90' lang='lat' dir='ltr'><strong>cf.</strong></span> <span class='ocrx_word' id='word_1_340' title='bbox 2097 4251 2149 4299; x_wconf 85' lang='lat' dir='ltr'><strong>c.</strong></span> <span class='ocrx_word' id='word_1_341' title='bbox 2194 4230 2276 4299; x_wconf 90' lang='lat'><strong>11.</strong></span> <span class='ocrx_word' id='word_1_342' title='bbox 2323 4234 2383 4314; x_wconf 63' lang='grc' dir='ltr'><strong>ἓ.</strong></span> <span class='ocrx_word' id='word_1_343' title='bbox 2426 4232 2467 4297; x_wconf 83' lang='grc'><strong>4</strong></span> <span class='ocrx_word' id='word_1_344' title='bbox 2511 4233 2573 4298; x_wconf 93' lang='lat' dir='ltr'><strong>in</strong></span> <span class='ocrx_word' id='word_1_345' title='bbox 2616 4231 2741 4299; x_wconf 89' lang='lat' dir='ltr'><strong>fine</strong></span> <span class='ocrx_word' id='word_1_346' title='bbox 2782 4270 2862 4281; x_wconf 92' lang='lat'>—</span> <span class='ocrx_word' id='word_1_347' title='bbox 2906 4233 3022 4299; x_wconf 88' lang='lat' dir='ltr'><strong>sed</strong></span> 
     </span>
    </p>
   </div>
   <div class='ocr_carea' id='block_1_3' title="bbox 664 4433 3016 4620">
    <p class='ocr_par' dir='ltr' id='par_1_3' title="bbox 664 4433 3016 4620">
     <span class='ocr_line' id='line_1_38' title="bbox 809 4433 3016 4526; baseline 0.002 -14"><span class='ocrx_word' id='word_1_348' title='bbox 809 4458 863 4526; x_wconf 93' lang='lat'><strong>1)</strong></span> <span class='ocrx_word' id='word_1_349' title='bbox 902 4454 1045 4510; x_wconf 89' lang='lat' dir='ltr'><strong>Huic</strong></span> <span class='ocrx_word' id='word_1_350' title='bbox 1080 4454 1159 4510; x_wconf 88' lang='lat' dir='ltr'><strong>rei</strong></span> <span class='ocrx_word' id='word_1_351' title='bbox 1194 4433 1583 4524; x_wconf 80' lang='lat' dir='ltr'><strong>prosodiorum</strong></span> <span class='ocrx_word' id='word_1_352' title='bbox 1620 4454 1766 4511; x_wconf 89' lang='lat' dir='ltr'><strong>ratio</strong></span> <span class='ocrx_word' id='word_1_353' title='bbox 1805 4471 1916 4511; x_wconf 87' lang='lat' dir='ltr'><strong>non</strong></span> <span class='ocrx_word' id='word_1_354' title='bbox 1953 4455 2174 4511; x_wconf 88' lang='lat' dir='ltr'><strong>videtur</strong></span> <span class='ocrx_word' id='word_1_355' title='bbox 2211 4453 2444 4522; x_wconf 72' lang='lat' dir='ltr'><strong>obesse,</strong></span> <span class='ocrx_word' id='word_1_356' title='bbox 2483 4456 2616 4526; x_wconf 90' lang='lat' dir='ltr'><strong>quia</strong></span> <span class='ocrx_word' id='word_1_357' title='bbox 2650 4456 2709 4513; x_wconf 90' lang='lat' dir='ltr'><strong>in</strong></span> <span class='ocrx_word' id='word_1_358' title='bbox 2746 4455 3016 4515; x_wconf 89' lang='lat' dir='ltr'><strong>dramatis</strong></span> 
     </span>
     <span class='ocr_line' id='line_1_39' title="bbox 664 4543 3007 4620; baseline -0.001 -16"><span class='ocrx_word' id='word_1_359' title='bbox 664 4545 932 4620; x_wconf 79' lang='lat' dir='ltr'><strong>originem</strong></span> <span class='ocrx_word' id='word_1_360' title='bbox 968 4561 1096 4600; x_wconf 90' lang='lat' dir='ltr'><strong>num</strong></span> <span class='ocrx_word' id='word_1_361' title='bbox 1135 4544 1430 4615; x_wconf 89' lang='lat' dir='ltr'><strong>quicquam</strong></span> <span class='ocrx_word' id='word_1_362' title='bbox 1471 4544 1749 4601; x_wconf 88' lang='lat' dir='ltr'><strong>valuerint</strong></span> <span class='ocrx_word' id='word_1_363' title='bbox 1784 4544 1840 4599; x_wconf 90' lang='lat' dir='ltr'><strong>in</strong></span> <span class='ocrx_word' id='word_1_364' title='bbox 1877 4544 2105 4600; x_wconf 89' lang='lat' dir='ltr'><strong>dubium</strong></span> <span class='ocrx_word' id='word_1_365' title='bbox 2145 4543 2316 4601; x_wconf 88' lang='lat' dir='ltr'><strong>debet</strong></span> <span class='ocrx_word' id='word_1_366' title='bbox 2348 4544 2557 4602; x_wconf 83' lang='lat' dir='ltr'><strong>vocari.</strong></span> <span class='ocrx_word' id='word_1_367' title='bbox 2999 4563 3007 4570; x_wconf 73' lang='grc'><strong><em>’</em></strong></span> 
     </span>
    </p>
   </div>
  </div>
 </body>
</html>
