3267 5450
849 492 900 556 §-
940 492 994 548 3.
1030 488 1119 546 De
1155 489 1643 548 coniunctionibus
1678 491 2019 549 dramaticis.
2348 499 2354 505 '
2533 487 2618 556 27

414 656 475 720 4.
522 655 882 741 Antiqonae
920 656 1045 724 626
1074 676 1158 721 88.
1204 665 1350 744 post
1397 659 1727 723 stasimum
1772 657 2148 723 secundum:
2190 664 2486 742 quattuor
2527 658 2620 724 di-

243 753 433 819 metri
476 758 540 836 (1
588 758 772 838 syst)
825 759 1216 838 anapaestici
1254 758 1463 824 chori:
1526 758 1838 824 adventus
1884 757 2264 826 Haemonis:
2336 757 2454 826 ὅδε
2493 760 2624 846 μὴν

241 855 486 940 Αἵμων
527 858 660 923 κτλ.

415 955 475 1021 5.
519 954 874 1040 Antiqonae
896 955 1016 1021 801
1052 976 1136 1021 ss.
1181 964 1327 1041 post
1354 957 1840 1024 interscaenium
1885 957 2154 1043 episodii
2197 957 2414 1023 tertii:
2443 957 2622 1040 quin-

242 1073 369 1138 que
414 1053 663 1118 dimetri
711 1058 776 1136 (1
813 1058 999 1139 syst.)
1043 1060 1436 1142 anapaestiei
1477 1058 1684 1123 chori:
1728 1058 2037 1123 adventus
2064 1059 2461 1140 Antigonae:
2502 1059 2625 1124 τὸν

240 1158 621 1236 παγκοίταν
664 1150 774 1219 ὅθ’
821 1151 971 1240 όρῶ-
997 1155 1317 1241 θάλαμον
1353 1155 1532 1243 τήνδ’
1568 1155 1950 1243 Ἀντιγόνην
1990 1154 2398 1225 ἀνύτουσαν.

413 1254 472 1322 6.
517 1254 807 1319 Electrae
848 1248 973 1321 324
997 1275 1083 1321 ss.
1130 1246 1274 1339 post
1314 1257 1657 1341 parodum:
1726 1264 2022 1340 quattuor
2062 1260 2329 1322 trimetri
2364 1256 2619 1322 iambici
2667 1337 2672 1341 .

243 1354 458 1421 chori:
535 1353 844 1419 adventus
889 1354 1467 1440 Chrysothemidis:
1534 1358 1621 1443 μὴ
1678 1364 1800 1424 νῦν
1841 1354 1931 1423 ἔτ’
1986 1357 2177 1447 εἴπῃς
2227 1358 2436 1445 μηδέν
2458 1379 2476 1397 ·
2536 1353 2624 1434 ὥς

246 1450 485 1539 δόμων
526 1451 659 1537 δρῶ·
700 1454 821 1539 τὴν
863 1455 989 1540 σὴν
1033 1453 1328 1539 ὅμαιμον
1368 1505 1384 1522 .
1431 1503 1448 1520 .
1494 1504 1509 1520 .
1551 1456 1991 1541 Χρυσόθεμιν
2033 1460 2166 1525 κτλ.

412 1554 474 1623 7.
529 1553 925 1620 Trachiniar.
971 1556 1096 1624 863
1120 1575 1206 1621 88.
1254 1562 1400 1663 post
1422 1557 1752 1622 Stasimum
1786 1557 2162 1623 secundum:
2206 1576 2322 1623 sex
2353 1559 2626 1622 trimetri

242 1653 506 1719 iambici
546 1654 1019 1738 (amoebaeum)
1065 1655 1273 1722 chori:
1319 1655 1630 1737 adveptus
1676 1657 1962 1723 nutricis:
2006 1665 2209 1742 χωρεῖ
2242 1659 2413 1743 πρὸς
2455 1654 2624 1744 ἡμᾶς

243 1761 453 1837 γραῖα
499 1756 892 1839 σημανοῦσά
936 1782 1019 1822 τι.
1504 1801 1509 1809 -

413 1855 474 1922 8.
515 1852 902 1921 Philoctetae
957 1857 1123 1923 1218
1150 1876 1238 1922 ss.
1296 1863 1442 1940 post
1493 1857 1821 1922 Stasimum
1883 1857 2258 1924 secundum:
2329 1864 2625 1940 quattuor

246 1956 524 2019 trimetri
575 1954 833 2027 iambici
890 1955 1100 2022 chori:
1177 1954 1488 2022 adventus
1541 1956 1714 2022 Ulixi
1787 1952 1886 2022 et⁶
1906 1956 2334 2042 Neoptolemi:
2424 1954 2491 2023 εἰ
2534 1957 2622 2043 μὴ

244 2056 461 2130 πέλας
493 2050 830 2129 Ὀδυσσέα
888 2060 1236 2139 στείχοντα
1277 2056 1400 2123 τὸν
1460 2053 1523 2122 δ’
1574 2055 1918 2139 Ἀχιλλέως
1972 2056 2177 2139 γόνον
2229 2057 2400 2143 πρὸς
2451 2054 2624 2142 ἡμᾶς

249 2155 413 2245 δεῠῤ
464 2154 624 2224 ἰόντ’
669 2152 1093 2238 ἐλεύσσομεν.

416 2258 478 2326 9.
525 2257 752 2342 Oedipi
789 2251 1045 2321 Colonei
1082 2276 1140 2320 v.
1187 2255 1304 2324 311
1335 2272 1421 2325 88.
1465 2263 1613 2341 post
1654 2256 1995 2340 parodum:
2039 2254 2372 2321 duodecim
2417 2259 2624 2321 trime-

247 2359 338 2422 tri
379 2357 634 2423 iambici
680 2356 908 2440 Oedipi
954 2363 1017 2420 et
1060 2356 1452 2439 Antigonae:
1497 2356 1808 2422 adventus
1852 2356 2174 2420 Ismenae:
2229 2353 2625 2444 γυναῖχ’ὁρῶ

316 2507 331 2523 .
380 2506 398 2522 .
445 2458 664 2523 παῖδα
708 2461 834 2542 σὴν
878 2458 1012 2523 κτλ.

423 2559 518 2623 10.
569 2556 793 2642 Oedipi
837 2556 1097 2622 Colonei
1138 2577 1194 2622 v,
1238 2557 1364 2624 549
1395 2576 1444 2621 8.
1490 2562 1639 2639 post
1692 2556 2002 2621 canticum
2051 2554 2310 2621 mixtum
2356 2553 2628 2639 episodii

251 2657 472 2743 primi:
545 2657 672 2724 duo
730 2660 1003 2724 trimetri
1054 2657 1310 2724 iambici
1353 2657 1562 2724 chori:
1624 2655 1939 2721 adventus
1986 2655 2256 2722 Thesei:
2330 2660 2445 2721 καὶ
2497 2657 2628 2742 μὴν

251 2758 431 2838 ἄναξ
474 2756 577 2826 ὅδ’
617 2756 773 2844 ἡμὶν
808 2756 1070 2841 Αἶγέως
1109 2758 1306 2840 γόνος
1353 2758 1607 2844 Θησεὺς
1653 2809 1666 2821 .
1713 2807 1729 2823 .
1775 2804 1792 2820 .
1835 2756 2046 2842 πάρα.
2081 2846 2087 2852 .

422 2860 520 2925 11.
568 2858 794 2943 Oedipi
837 2858 1093 2924 Colonei
1133 2879 1190 2922 v.
1244 2857 1372 2927 720
1396 2878 1481 2923 ss.
1535 2865 1682 2943 post
1725 2857 2052 2922 stasimum
2111 2858 2414 2941 primum:
2481 2865 2626 2922 octo

252 2961 528 3024 trimetri
587 2959 841 3023 iambici
911 2960 1272 3041 Antigonae
1341 2958 1570 3043 Oedipi
1633 2957 1844 3024 chori:
1929 2958 2239 3023 adventus
2305 2956 2626 3022 Creontis:

251 3056 478 3126 ἆσσον
519 3056 784 3144 ἔρχεται
822 3062 1054 3145 Κρέων
1088 3052 1199 3126 '36‘
1239 3061 1371 3125 κτλ..

422 3160 522 3227 12.
569 3158 797 3242 Oedipi
822 3159 1089 3239 Golonei
1115 3180 1176 3224 v.
1221 3159 1383 3227 1096
1406 3177 1493 3224 ss.
1537 3164 1685 3242 post
1715 3157 2043 3223 stasimum
2081 3156 2456 3223 secundum:
2498 3162 2628 3222 tres

253 3262 530 3324 trimetri
553 3259 806 3327 iambici
837 3260 1048 3325 chori:
1093 3258 1403 3324 adventus
1426 3258 1789 3342 Antigonae
1817 3260 1908 3341 (et
1934 3257 2255 3340 Ismenae)
2280 3265 2343 3322 et
2363 3255 2628 3322 Thesei:

251 3360 372 3436 τὰς
410 3359 619 3443 κόρας
658 3361 785 3444 γὰρ
827 3358 1064 3445 εἰσορῶ
1106 3357 1295 3425 τάσδ’
1331 3357 1554 3425 ἆσσον
1598 3357 1801 3435 αὖθις
1842 3357 1976 3425 ὦδε
2004 3359 2628 3443 προσπολουμένας.

429 3460 526 3527 13.
574 3459 800 3545 Oedipi
833 3459 1091 3525 Colonei
1130 3480 1188 3525 v,
1235 3460 1396 3527 1249
1431 3478 1517 3524 88.
1561 3466 1710 3543 post
1751 3458 2079 3523 stasimum
2124 3456 2410 3522 tertium:
2451 3456 2629 3538 quin-

253 3578 374 3642 que
434 3561 700 3624 trimetri
752 3560 1007 3625 iambici
1051 3560 1411 3642 Antigonae
1468 3565 1532 3624 et
1588 3558 1847 3643 Oedipi:
1919 3557 2230 3623 adventus
2273 3556 2630 3643 Polynicis:

252 3656 538 3744 πάρεστι
580 3659 781 3743 δεῦρο
823 3663 1223 3746 Πολυνείκης
1267 3657 1403 3726 ὅδε.

423 3758 559 3822 Has
602 3778 763 3841 quas
807 3759 996 3825 modo
1040 3760 1296 3830 exhibui
1341 3758 1816 3824 coniunctiones
1863 3757 2249 3822 dramaticas
2290 3777 2629 3839 numquam

256 3856 387 3923 fere
433 3878 559 3923 non
603 3859 686 3924 ad
731 3859 1043 3925 adventus
1087 3866 1368 3925 actorum
1413 3858 1798 3923 nuntiandos
1857 3863 2261 3942 comparatas
2306 3877 2445 3921 esse
2489 3877 2631 3922 cum

256 3955 447 4022 facile
489 3957 924 4042 intellegatur,
969 3958 1304 4024 nemodum
1348 3957 1661 4023 dubitavit
1704 3977 1746 4023 a
1789 3957 2037 4023 cantico
2082 3956 2258 4022 chori
2302 3957 2630 4022 secludere

255 4056 797 4143 adnumerareque
841 4058 1129 4144 episodio
1175 4058 1602 4142 consequenti.
1691 4058 1850 4123 Oum
1907 4063 2117 4122 autem
2161 4075 2461 4121 scaenam
2504 4076 2632 4121 non

255 4156 452 4222 lateat
493 4179 619 4232 non
663 4179 856 4243 posse
900 4160 1210 4243 incipere,
1273 4165 1612 4240 antequam
1667 4156 1732 4220 in
1786 4157 1977 4240 logeo
2038 4155 2389 4221 constiterit
2433 4163 2629 4233 actor,

260 4256 731 4323 coniunctiones
788 4259 934 4323 illas
992 4259 1292 4324 articulos
1348 4256 1656 4340 quosdam
1722 4275 1866 4321 esse
1930 4251 2199 4339 episodii
2254 4255 2319 4318 in
2363 4274 2433 4319 se
2478 4274 2633 4319 con-

261 4361 498 4423 stantes
543 4354 1001 4423 consectarium
1058 4365 1172 4423 est.
1262 4355 1426 4421 Illud
1483 4376 1673 4420 unum
1740 4356 1863 4420 hoc
1924 4356 2069 4419 loco
2122 4352 2275 4418 addi
2330 4354 2507 4419 iuvat
2567 4355 2632 4418 in

263 4453 507 4542 Oedipo
536 4457 819 4523 Coloneo
850 4477 969 4545 pro
991 4455 1299 4543 peculiari
1328 4455 1515 4524 huius
1561 4454 1823 4523 fabulae
1867 4453 2072 4521 forma
2108 4471 2235 4520 non
2276 4452 2633 4521 mirandum
