3267 5450
699 488 784 558 76
1167 507 1215 545 c.
1256 491 1354 546 III.
1426 489 1515 546 De
1552 489 1877 561 symmetria
1910 489 2221 545 dramatica
2256 488 2602 563 Aeschylea.

700 663 818 739 tur,
861 664 929 722 ut
972 657 1125 722 mihi
1168 656 1484 738 videntur,
1529 676 1658 721 non
1699 657 1983 740 indigna.
2049 660 2254 741 Atque
2288 658 2555 742 primum
2596 657 2757 723 illud
2797 675 2911 721 eos
2950 674 3046 721 oro

701 763 766 823 et
792 758 1009 822 hortor
1037 763 1106 822 ut
1142 756 1623 845 reminiscantur
1647 778 1772 822 non
1800 759 2279 840 grammaticum
2310 757 2507 822 fuisse
2535 756 2909 834 Vitruvium,
2949 754 3051 819 sed

701 857 1111 922 architectum
1157 858 1263 940 qui
1304 877 1454 947 non·
1484 863 1613 921 tam
1662 857 2004 940 cogitando
2049 878 2237 940 quam
2292 856 2622 923 sentiendo
2665 855 2958 920 inciderit
2995 855 3051 918 in

701 977 844 1022 eam
881 957 1157 1048 rhythmi
1194 957 1680 1041 descriptionem
1716 956 1796 1021 de
1829 977 1955 1040 qua
1984 959 2048 1022 in
2078 959 2404 1042 prooemio
2435 957 2708 1022 diximus
2744 957 2830 1020 ob
2874 956 3050 1019 hanc·

701 1078 825 1140 que
858 1078 990 1123 rem
1022 1059 1262 1122 maiore
1307 1077 1449 1122 esse
1481 1056 1856 1122 auctoritate
1888 1077 2052 1139 quae
2096 1059 2179 1122 ab
2223 1079 2301 1124 eo
2344 1064 2490 1123 sunt
2524 1058 2793 1142 pnolata.
2864 1055 3052 1133 Quae-

699 1179 803 1225 res
845 1178 970 1241 quo
1016 1160 1140 1223 ista
1182 1177 1454 1222 evasura
1499 1158 1643 1222 sint.
1729 1157 1864 1221 Iam
1909 1156 2277 1241 intelleges3
2342 1179 2487 1222 nam
2524 1156 3052 1240 *quemadmodum

701 1278 918 1324 omnes
966 1265 1168 1338 artes,
1223 1265 1293 1322 ut
1335 1259 1424 1322 ait
1465 1258 1719 1337 Cicero,
1776 1277 1940 1340 quae
1997 1257 2080 1322 ad
2134 1259 2587 1323 humanitatem
2639 1261 2935 1341 spectant
2973 1254 3055 1319 sic

588 1383 596 1388 ·
700 1359 990 1443 poeticae
1034 1358 1169 1423 sive
1213 1359 1493 1424 musicae
1537 1357 1674 1422 sive
1719 1358 2039 1440 practicae
2066 1365 2143 1422 et
2184 1360 2497 1443 plasticae
2548 1359 2683 1423 sive
2751 1355 3054 1439 apoteles-

699 1459 970 1524 maticae
1014 1478 1343 1524 commune
1371 1457 1689 1542 quoddam
1741 1457 1977 1522 habent
2018 1457 2335 1523 vinculum
2380 1458 2571 1539 idque
2612 1458 2677 1521 in
2721 1455 3055 1540 pulchritu-

696 1558 847 1624 dine
890 1560 1205 1642 positum.'
1270 1557 1694 1623 Pulchritudo'
1728 1564 1938 1622 autem
1992 1559 2274 1624 nascitur
2310 1579 2389 1623 ex
2440 1558 2804 1634 harmonia,
2859 1555 2928 1620 id
2970 1561 3058 1620 est

699 1660 1105 1742 symmetriae
1149 1665 1211 1722 et
1254 1658 1531 1741 rhythmi
1577 1658 2066 1724 consociatione.
2155 1659 2336 1736 Quae
2382 1678 2536 1742 ergo
2577 1679 2617 1722 a
2654 1657 2945 1722 Vitruvio
2987 1656 3057 1720 de

698 1760 1068 1842 symmetria
1092 1759 1513 1843 rhythmoque
1554 1765 1705 1824 'sunt
1745 1760 2037 1842 exposita
2069 1778 2198 1824 non
2239 1760 2440 1823 solum
2467 1759 2550 1822 ad
2584 1759 3059 1823 architecturam

700 1864 846 1924 sunt
887 1858 1242 1940 referenda,
1287 1860 1402 1925 sed
1447 1860 1637 1924 etiam
1672 1859 1755 1923 ad
1798 1870 2017 1924 omnes
2050 1860 2327 1942 reliquas
2369 1867 2539 1923 artes
2585 1867 2646 1923 et
2686 1858 2971 1923 fictorum
3004 1862 3061 1920 et

699 1966 1028 2043 poetarum
1086 1959 1609 2072 musicorumque.
1707 1960 1845 2047 Iam
1904 1980 2094 2044 porro
2148 1979 2288 2023 cum
2352 1979 2490 2025 non·
2533 1958 2809 2023 dubitari
2878 1976 3060 2041 posse

700 2059 990 2124 videatur
1033 2059 1184 2141 quin
1227 2058 1549 2124 Vitruvius
1591 2066 1661 2123 ut
1719 2038 1949 2125 artifex
1995 2066 2166 2125 recte
2210 2080 2289 2124 ea
2330 2062 2411 2126 de
2454 2079 2523 2124 re
2566 2060 2834 2124 senserit
2880 2064 3059 2151 atque

699 2159 949 2239 dixerit,
994 2179 1197 2242 neque
1242 2160 1323 2224 ab
1371 2160 1722 2224 architecto
1749 2180 1953 2242 neque
2002 2180 2041 2225 a
2050 2166 2280 2275 poeta·
2307 2161 2483 2225 illam
2513 2146 2719 2244 legem
2751 2158 3057 2242 intellegi-

700 2267 799 2324 tur
844 2279 1034 2343 posse
1078 2257 1390 2324 contemni
1444 2278 1606 2342 quae
1652 2259 1715 2324 id
1768 2267 2016 2344 spectat
2065 2269 2133 2325 ut
2187 2261 2455 2344 primum
2509 2261 2888 2344 symmetria
2922 2279 3059 2324 con·

698 2361 1014 2440 stituatur,
1059 2358 1289 2424 deinde
1314 2347 1713 2424 adhibeatur
1756 2360 2105 2443 rhythmus
2209 2361 2402 2442 Atqui
2446 2362 2509 2424 in
2552 2359 2930 2443 Aeschyleis
2972 2357 3060 2423 fa-

700 2461 865 2526 bulis
908 2460 1340 2544 symmetriam
1384 2460 1593 2524 inesse
1654 2461 2042 2525 ostendimus
2085 2460 2275 2525 etiam
2332 2463 2787 2541 mensuralem,
2850 2460 3059 2541 itaque

700 2559 771 2626 fit
812 2566 879 2625 ut
919 2559 1279 2643 rhythmum
1326 2578 1576 2641 quoque
1619 2566 1689 2623 ut
1723 2559 1814 2623 ita
1866 2560 2074 2625 dicam
2116 2562 2539 2626 mensuralem
2584 2562 2645 2624 in
2692 2561 2936 2625 eisdem
2976 2559 3059 2622 in-

701 2680 844 2728 esse
902 2658 1372 2726 concedendum
1428 2660 1528 2725 sit.
1638 2659 1757 2737 Qui
1804 2661 2010 2743 qualis
2054 2661 2136 2727 sit
2189 2661 2374 2727 nobis
2417 2661 2866 2745 quaerentibus
2924 2678 3059 2743 par-

697 2762 809 2827 tim
855 2761 920 2825 in
965 2751 1042 2826 eo
1085 2761 1329 2843 positus
1387 2781 1532 2826 esse
1577 2760 1827 2826 videtur
1882 2768 1949 2827 ut
1990 2782 2116 2827 non
2165 2782 2356 2846 pares
2418 2763 2546 2826 sint
2590 2769 2777 2843 atque
2832 2778 3061 2841 aequa-

697 2862 794 2927 les
839 2882 953 2927 eae
998 2856 1291 2927 versuum
1349 2861 1822 2943 complexiones
1867 2882 1946 2927 ex
1977 2863 2217 2944 -quibus
2270 2882 2554 2927 summae
2608 2861 2905 2926 constant
2945 2857 3063 2922 sibi

697 2961 1196 3045 respondentes,
1251 2960 1461 3042 quode
1516 2961 1754 3025 dictum
1797 2968 1893 3025 est
1934 2964 1991 3043 ξ.
2033 2963 2073 3028 3
2118 2962 2235 3026 sub
2279 2963 2477 3027 literis
2521 2961 2669 3039 BD,
2725 2960 2959 3044 partim
3001 2958 3062 3023 in

699 3061 1068 3145 symmetria
1105 3081 1293 3143 quam
1339 3063 1398 3142 ξ.
1442 3062 1483 3126 3
1527 3061 2066 3145 proportionalem
2108 3063 2593 3143 nominavimus,
2638 3060 2874 3145 partim
2918 3078 3063 3124 vero

700 3161 891 3227 etiam
933 3163 998 3227 in
1043 3162 1288 3226 duobus
1334 3161 1643 3245 exemplis
1697 3180 1890 3244 supra
1932 3161 2289 3245 productis,
2348 3164 2498 3244 quia
2542 3163 2611 3226 in
2664 3161 2764 3226 his
2807 3162 2915 3226 lex
2957 3160 3065 3224 illa

701 3260 1080 3326 Vitruviana
1124 3262 1425 3344 religiose
1473 3266 1570 3324 est
1610 3268 1886 3326 servata.

863 3363 946 3425 At
987 3381 1178 3425 sensu
1219 3368 1436 3425 nostro
1479 3380 1604 3424 non
1638 3362 1998 3444 percipitur.
2036 3401 2107 3411 —
2158 3361 2326 3438 Quid
2368 3361 2548 3426 tum?
2588 3362 2849 3426 nullone
2878 3378 3067 3425 sensu

694 3479 816 3526 nos
860 3461 1118 3526 vincunt
1161 3459 1439 3525 Graeci?
1483 3459 1825 3526 Oculorum
1870 3469 2038 3526 certe
2083 3461 2337 3526 fuerunt
2371 3461 2893 3545 praestantiores.
2964 3460 3062 3523 Et-

699 3562 867 3627 enim
899 3562 951 3624 si
984 3560 1063 3625 de
1090 3560 1458 3644 symmetria
1501 3579 1578 3624 ac
1603 3560 1900 3644 rhythmo
1935 3560 2028 3625 de
2047 3568 2304 3644 totaque
2331 3570 2467 3626 arte
2498 3561 2793 3627 caelandi
2825 3560 3065 3644 fingen-

698 3660 887 3744 dique
913 3681 989 3726 ac
1021 3661 1369 3744 pinguendi
1398 3660 1504 3741 qui
1540 3680 1707 3724 nunc
1734 3660 1953 3726 vivunt
1978 3661 2387 3744 archaeologi
2416 3662 2640 3727 melius
2671 3661 2886 3727 ferunt
2911 3660 3065 3725 iudi·

699 3762 862 3826 cium
899 3780 1089 3842 quam
1116 3758 1622 3839 Winckelmann,
1662 3759 1766 3824 hic
1788 3760 2013 3825 melius
2041 3761 2195 3826 fecit
2223 3780 2413 3843 quam
2459 3764 2784 3844 aequales,
2830 3767 3067 3843 quanto

695 3861 923 3925 melius
966 3860 1163 3924 fuisse
1208 3858 1695 3924 existimandum
1731 3866 1828 3923 est
1868 3860 2366 3943 intellegentium
2410 3882 2624 3926 eornm
2657 3862 2764 3944 qui
2804 3860 3068 3926 florente

695 3961 1066 4044 republica
1107 3949 1372 4023 Athenis
1432 3960 1854 4024 versabantur
1912 3961 2326 4025 celeberrima
2380 3962 2494 4026 illa
2549 3962 2777 4044 quibus
2833 3961 3069 4026 referta

696 4061 847 4125 urbs
894 4065 1029 4123 erat
1075 4066 1137 4123 et
1179 4060 1417 4143 templa
1463 4067 1526 4123 et
1568 4051 1756 4140 signa
1799 4066 1861 4122 et
1902 4060 2185 4142 picturas
2226 4061 2594 4126 intuentes?
2665 4061 2834 4138 Quid
2876 4063 3069 4144 igitur

696 4165 795 4224 est
837 4158 1148 4223 obstaculi
1195 4159 1528 4241 quominus
1573 4158 1887 4223 consimili
1941 4160 2189 4225 ratione
2234 4161 2475 4226 aurium
2531 4161 2734 4225 aciem
2791 4162 3068 4226 cumula·

697 4265 828 4323 tam
872 4257 1073 4323 fuisse
1118 4258 1534 4328 arbitremur?
1786 4276 1788 4280 ’

862 4358 1058 4435 Quae
1101 4358 1268 4422 hanc
1331 4356 1703 4422 confirment
1765 4358 2143 4422 sententiam
2197 4359 2487 4441 quamvis
2545 4380 2671 4423 non
2728 4363 3070 4443 suppetant

634 4469 662 4483 '⁴
697 4457 828 4529 alia
870 4457 1138 4538 indicia,
1183 4475 1309 4522 non
1351 4464 1563 4521 tamen
1607 4477 1867 4544 prorsus
1911 4457 2158 4523 desunt.
2237 4460 2403 4524 Nam
2445 4459 2714 4543 primum
2758 4459 2920 4524 illud
2961 4478 3068 4524 no-
