<?xml version="1.0" encoding="UTF-8"?>
<!DOCTYPE html PUBLIC "-//W3C//DTD XHTML 1.0 Transitional//EN"
    "http://www.w3.org/TR/xhtml1/DTD/xhtml1-transitional.dtd">
<html xmlns="http://www.w3.org/1999/xhtml" xml:lang="en" lang="en">
 <head>
  <title>
</title>
<meta http-equiv="Content-Type" content="text/html;charset=utf-8" />
  <meta name='ocr-system' content='tesseract 3.04.00' />
  <meta name='ocr-capabilities' content='ocr_page ocr_carea ocr_par ocr_line ocrx_word'/>
</head>
<body>
  <div class='ocr_page' id='page_1' title='image "./decompositionee00oehmgoog_0009.png"; bbox 0 0 3267 5450; ppageno 0'>
   <div class='ocr_carea' id='block_1_1' title="bbox 1036 1502 1851 1761">
    <p class='ocr_par' dir='ltr' id='par_1_1' title="bbox 1036 1502 1851 1761">
     <span class='ocr_line' id='line_1_1' title="bbox 1036 1502 1851 1606; baseline 0.001 -21"><span class='ocrx_word' id='word_1_1' title='bbox 1036 1502 1487 1587; x_wconf 85' lang='lat' dir='ltr'><strong>Particula</strong></span> <span class='ocrx_word' id='word_1_2' title='bbox 1533 1502 1851 1606; x_wconf 80' lang='lat' dir='ltr'><strong>prima.</strong></span> 
     </span>
     <span class='ocr_line' id='line_1_2' title="bbox 1089 1667 1784 1761; baseline -0.003 -10"><span class='ocrx_word' id='word_1_3' title='bbox 1089 1667 1784 1761; x_wconf 73' lang='lat' dir='ltr'>Prooemium.</span> 
     </span>
    </p>
   </div>
   <div class='ocr_carea' id='block_1_2' title="bbox 1626 1850 2615 1922">
    <p class='ocr_par' dir='ltr' id='par_1_2' title="bbox 1626 1850 2615 1922">
     <span class='ocr_line' id='line_1_3' title="bbox 1626 1850 2615 1922; baseline -0.004 -12"><span class='ocrx_word' id='word_1_4' title='bbox 1626 1857 1770 1911; x_wconf 78' lang='lat' dir='ltr'><strong>Nihil</strong></span> <span class='ocrx_word' id='word_1_5' title='bbox 1805 1856 1886 1907; x_wconf 83' lang='lat' dir='ltr'><strong>his</strong></span> <span class='ocrx_word' id='word_1_6' title='bbox 1921 1850 2295 1922; x_wconf 81' lang='lat' dir='ltr'><strong>suscipiendum</strong></span> <span class='ocrx_word' id='word_1_7' title='bbox 2329 1856 2527 1908; x_wconf 83' lang='lat' dir='ltr'><strong>videtur</strong></span> <span class='ocrx_word' id='word_1_8' title='bbox 2561 1855 2615 1906; x_wconf 88' lang='lat' dir='ltr'><strong>in</strong></span> 
     </span>
    </p>
   </div>
   <div class='ocr_carea' id='block_1_3' title="bbox 1626 1946 2618 2096">
    <p class='ocr_par' dir='ltr' id='par_1_3' title="bbox 1626 1946 2618 2096">
     <span class='ocr_line' id='line_1_4' title="bbox 1626 1946 2174 2012; baseline -0.002 -15"><span class='ocrx_word' id='word_1_9' title='bbox 1626 1963 1731 2012; x_wconf 89' lang='lat' dir='ltr'><strong>quo</strong></span> <span class='ocrx_word' id='word_1_10' title='bbox 1767 1947 1965 2012; x_wconf 85' lang='lat' dir='ltr'><strong>peccari</strong></span> <span class='ocrx_word' id='word_1_11' title='bbox 1999 1946 2174 2011; x_wconf 82' lang='lat' dir='ltr'><strong>possit.</strong></span> 
     </span>
     <span class='ocr_line' id='line_1_5' title="bbox 1749 2037 2618 2096; baseline -0.003 -10"><span class='ocrx_word' id='word_1_12' title='bbox 1749 2037 2054 2087; x_wconf 72' lang='lat' dir='ltr'><strong>Lachmann</strong></span> <span class='ocrx_word' id='word_1_13' title='bbox 2086 2038 2150 2087; x_wconf 88' lang='lat' dir='ltr'><strong>de</strong></span> <span class='ocrx_word' id='word_1_14' title='bbox 2185 2050 2342 2086; x_wconf 85' lang='lat' dir='ltr'><strong>mens.</strong></span> <span class='ocrx_word' id='word_1_15' title='bbox 2364 2042 2494 2096; x_wconf 86' lang='lat' dir='ltr'><strong>trag.</strong></span> <span class='ocrx_word' id='word_1_16' title='bbox 2536 2039 2618 2084; x_wconf 80' lang='lat'><strong>16.</strong></span> 
     </span>
    </p>
   </div>
   <div class='ocr_carea' id='block_1_4' title="bbox 262 2219 2631 4629">
    <p class='ocr_par' dir='ltr' id='par_1_4' title="bbox 262 2219 2631 3821">
     <span class='ocr_line' id='line_1_6' title="bbox 432 2219 2623 2310; baseline 0.002 -26"><span class='ocrx_word' id='word_1_17' title='bbox 432 2219 821 2298; x_wconf 78' lang='lat' dir='ltr'><strong>Quadi-atam</strong></span> <span class='ocrx_word' id='word_1_18' title='bbox 866 2223 1385 2309; x_wconf 80' lang='lat' dir='ltr'><strong>compositionem</strong></span> <span class='ocrx_word' id='word_1_19' title='bbox 1428 2225 1531 2291; x_wconf 87' lang='lat' dir='ltr'><strong>vel</strong></span> <span class='ocrx_word' id='word_1_20' title='bbox 1574 2225 2005 2310; x_wconf 79' lang='lat' dir='ltr'><strong>symmetriam</strong></span> <span class='ocrx_word' id='word_1_21' title='bbox 2048 2230 2112 2291; x_wconf 92' lang='lat' dir='ltr'><strong>et</strong></span> <span class='ocrx_word' id='word_1_22' title='bbox 2151 2243 2476 2289; x_wconf 90' lang='lat' dir='ltr'><strong>numerum</strong></span> <span class='ocrx_word' id='word_1_23' title='bbox 2520 2223 2623 2289; x_wconf 87' lang='lat' dir='ltr'><strong>vel</strong></span> 
     </span>
     <span class='ocr_line' id='line_1_7' title="bbox 262 2318 2622 2411; baseline 0.002 -26"><span class='ocrx_word' id='word_1_24' title='bbox 262 2320 475 2405; x_wconf 88' lang='lat' dir='ltr'><strong>potius</strong></span> <span class='ocrx_word' id='word_1_25' title='bbox 521 2321 879 2406; x_wconf 80' lang='lat' dir='ltr'><strong>rhythmum</strong></span> <span class='ocrx_word' id='word_1_26' title='bbox 923 2324 988 2388; x_wconf 91' lang='lat' dir='ltr'><strong>in</strong></span> <span class='ocrx_word' id='word_1_27' title='bbox 1034 2344 1158 2389; x_wconf 91' lang='lat' dir='ltr'><strong>uno</strong></span> <span class='ocrx_word' id='word_1_28' title='bbox 1186 2345 1435 2408; x_wconf 90' lang='lat' dir='ltr'><strong>quoque</strong></span> <span class='ocrx_word' id='word_1_29' title='bbox 1480 2318 1672 2411; x_wconf 91' lang='lat' dir='ltr'><strong>opere</strong></span> <span class='ocrx_word' id='word_1_30' title='bbox 1718 2333 1906 2410; x_wconf 87' lang='lat' dir='ltr'><strong>atque</strong></span> <span class='ocrx_word' id='word_1_31' title='bbox 1933 2325 2196 2392; x_wconf 85' lang='lat' dir='ltr'><strong>artificio</strong></span> <span class='ocrx_word' id='word_1_32' title='bbox 2229 2326 2441 2390; x_wconf 91' lang='lat' dir='ltr'><strong>inesse</strong></span> <span class='ocrx_word' id='word_1_33' title='bbox 2476 2344 2622 2389; x_wconf 94' lang='lat' dir='ltr'><strong>con-</strong></span> 
     </span>
     <span class='ocr_line' id='line_1_8' title="bbox 263 2423 2624 2511; baseline 0.002 -24"><span class='ocrx_word' id='word_1_34' title='bbox 263 2428 633 2487; x_wconf 87' lang='lat' dir='ltr'><strong>sentaneum</strong></span> <span class='ocrx_word' id='word_1_35' title='bbox 679 2431 790 2490; x_wconf 90' lang='lat' dir='ltr'><strong>est.</strong></span> <span class='ocrx_word' id='word_1_36' title='bbox 855 2423 1022 2489; x_wconf 85' lang='lat' dir='ltr'><strong>Nam</strong></span> <span class='ocrx_word' id='word_1_37' title='bbox 1066 2426 1496 2509; x_wconf 74' lang='lat' dir='ltr'><strong>symmetriam</strong></span> <span class='ocrx_word' id='word_1_38' title='bbox 1539 2426 1624 2492; x_wconf 87' lang='lat' dir='ltr'><strong>ad</strong></span> <span class='ocrx_word' id='word_1_39' title='bbox 1668 2447 1779 2493; x_wconf 88' lang='lat' dir='ltr'><strong>eas</strong></span> <span class='ocrx_word' id='word_1_40' title='bbox 1820 2434 2064 2492; x_wconf 83' lang='lat' dir='ltr'><strong>tantum</strong></span> <span class='ocrx_word' id='word_1_41' title='bbox 2107 2432 2276 2492; x_wconf 85' lang='lat' dir='ltr'><strong>artes</strong></span> <span class='ocrx_word' id='word_1_42' title='bbox 2333 2431 2624 2511; x_wconf 88' lang='lat' dir='ltr'><strong>spectare</strong></span> 
     </span>
     <span class='ocr_line' id='line_1_9' title="bbox 265 2524 2623 2613; baseline 0.003 -27"><span class='ocrx_word' id='word_1_43' title='bbox 265 2541 426 2605; x_wconf 84' lang='lat' dir='ltr'><strong>quas</strong></span> <span class='ocrx_word' id='word_1_44' title='bbox 469 2543 592 2588; x_wconf 91' lang='lat' dir='ltr'><strong>uno</strong></span> <span class='ocrx_word' id='word_1_45' title='bbox 636 2524 946 2591; x_wconf 87' lang='lat' dir='ltr'><strong>vocabulo</strong></span> <span class='ocrx_word' id='word_1_46' title='bbox 991 2526 1295 2610; x_wconf 87' lang='lat' dir='ltr'><strong>plasticas</strong></span> <span class='ocrx_word' id='word_1_47' title='bbox 1330 2528 1734 2613; x_wconf 85' lang='lat' dir='ltr'><strong>complectar,</strong></span> <span class='ocrx_word' id='word_1_48' title='bbox 1780 2527 2142 2611; x_wconf 85' lang='lat' dir='ltr'><strong>rhythmum</strong></span> <span class='ocrx_word' id='word_1_49' title='bbox 2169 2546 2320 2592; x_wconf 86' lang='lat' dir='ltr'><strong>vero</strong></span> <span class='ocrx_word' id='word_1_50' title='bbox 2364 2526 2448 2592; x_wconf 85' lang='lat' dir='ltr'><strong>ad</strong></span> <span class='ocrx_word' id='word_1_51' title='bbox 2474 2545 2623 2611; x_wconf 90' lang='lat' dir='ltr'><strong>poe·</strong></span> 
     </span>
     <span class='ocr_line' id='line_1_10' title="bbox 264 2623 2624 2713; baseline 0.002 -25"><span class='ocrx_word' id='word_1_52' title='bbox 264 2624 425 2688; x_wconf 87' lang='lat' dir='ltr'><strong>ticas</strong></span> <span class='ocrx_word' id='word_1_53' title='bbox 457 2623 593 2690; x_wconf 86' lang='lat' dir='ltr'><strong>sive</strong></span> <span class='ocrx_word' id='word_1_54' title='bbox 618 2625 914 2708; x_wconf 88' lang='lat' dir='ltr'><strong>musicas,</strong></span> <span class='ocrx_word' id='word_1_55' title='bbox 960 2646 1123 2709; x_wconf 92' lang='lat' dir='ltr'><strong>quae</strong></span> <span class='ocrx_word' id='word_1_56' title='bbox 1167 2626 1515 2693; x_wconf 85' lang='lat' dir='ltr'><strong>Godofredi</strong></span> <span class='ocrx_word' id='word_1_57' title='bbox 1542 2628 1887 2694; x_wconf 90' lang='lat' dir='ltr'><strong>Hermanni</strong></span> <span class='ocrx_word' id='word_1_58' title='bbox 1934 2627 2149 2713; x_wconf 93' lang='lat' dir='ltr'><strong>opinio</strong></span> <span class='ocrx_word' id='word_1_59' title='bbox 2179 2626 2315 2709; x_wconf 88' lang='lat' dir='ltr'><strong>fuit,</strong></span> <span class='ocrx_word' id='word_1_60' title='bbox 2361 2634 2428 2692; x_wconf 90' lang='lat' dir='ltr'><strong>ut</strong></span> <span class='ocrx_word' id='word_1_61' title='bbox 2459 2646 2624 2693; x_wconf 85' lang='lat' dir='ltr'><strong>nunc</strong></span> 
     </span>
     <span class='ocr_line' id='line_1_11' title="bbox 265 2725 2628 2815; baseline 0.001 -26"><span class='ocrx_word' id='word_1_62' title='bbox 265 2725 394 2789; x_wconf 91' lang='lat' dir='ltr'><strong>iam</strong></span> <span class='ocrx_word' id='word_1_63' title='bbox 428 2744 614 2790; x_wconf 90' lang='lat' dir='ltr'><strong>nemo</strong></span> <span class='ocrx_word' id='word_1_64' title='bbox 642 2726 776 2793; x_wconf 87' lang='lat' dir='ltr'><strong>fere</strong></span> <span class='ocrx_word' id='word_1_65' title='bbox 802 2734 978 2812; x_wconf 90' lang='lat' dir='ltr'><strong>putet</strong></span> <span class='ocrx_word' id='word_1_66' title='bbox 1006 2729 1293 2795; x_wconf 84' lang='lat' dir='ltr'><strong>effecisse</strong></span> <span class='ocrx_word' id='word_1_67' title='bbox 1318 2730 1471 2795; x_wconf 92' lang='lat' dir='ltr'><strong>mihi</strong></span> <span class='ocrx_word' id='word_1_68' title='bbox 1509 2731 1801 2797; x_wconf 83' lang='lat' dir='ltr'><strong>videntur</strong></span> <span class='ocrx_word' id='word_1_69' title='bbox 1830 2748 2169 2815; x_wconf 78' lang='lat' dir='ltr'><strong>processus</strong></span> <span class='ocrx_word' id='word_1_70' title='bbox 2199 2747 2357 2811; x_wconf 90' lang='lat' dir='ltr'><strong>quos</strong></span> <span class='ocrx_word' id='word_1_71' title='bbox 2390 2728 2628 2793; x_wconf 89' lang='lat' dir='ltr'><strong>habent</strong></span> 
     </span>
     <span class='ocr_line' id='line_1_12' title="bbox 268 2827 2626 2915; baseline 0 -24"><span class='ocrx_word' id='word_1_72' title='bbox 268 2845 486 2892; x_wconf 91' lang='lat' dir='ltr'><strong>omnes</strong></span> <span class='ocrx_word' id='word_1_73' title='bbox 531 2827 920 2911; x_wconf 82' lang='lat' dir='ltr'><strong>antiquitatis</strong></span> <span class='ocrx_word' id='word_1_74' title='bbox 975 2829 1165 2894; x_wconf 90' lang='lat' dir='ltr'><strong>studii</strong></span> <span class='ocrx_word' id='word_1_75' title='bbox 1210 2831 1606 2915; x_wconf 88' lang='lat' dir='ltr'><strong>disciplinae.</strong></span> <span class='ocrx_word' id='word_1_76' title='bbox 1692 2831 1891 2896; x_wconf 91' lang='lat' dir='ltr'><strong>Immo</strong></span> <span class='ocrx_word' id='word_1_77' title='bbox 1936 2838 1998 2896; x_wconf 91' lang='lat' dir='ltr'><strong>et</strong></span> <span class='ocrx_word' id='word_1_78' title='bbox 2049 2829 2407 2914; x_wconf 89' lang='lat' dir='ltr'><strong>rhythmum</strong></span> <span class='ocrx_word' id='word_1_79' title='bbox 2455 2830 2626 2893; x_wconf 91' lang='lat' dir='ltr'><strong>cerni</strong></span> 
     </span>
     <span class='ocr_line' id='line_1_13' title="bbox 266 2926 2625 3016; baseline 0.001 -26"><span class='ocrx_word' id='word_1_80' title='bbox 266 2926 330 2991; x_wconf 93' lang='lat' dir='ltr'><strong>in</strong></span> <span class='ocrx_word' id='word_1_81' title='bbox 379 2927 686 2994; x_wconf 86' lang='lat' dir='ltr'><strong>aedificiis</strong></span> <span class='ocrx_word' id='word_1_82' title='bbox 730 2928 931 3011; x_wconf 89' lang='lat' dir='ltr'><strong>signis</strong></span> <span class='ocrx_word' id='word_1_83' title='bbox 987 2930 1220 2996; x_wconf 89' lang='lat' dir='ltr'><strong>tabulis</strong></span> <span class='ocrx_word' id='word_1_84' title='bbox 1262 2930 1448 3016; x_wconf 89' lang='lat' dir='ltr'><strong>pictis</strong></span> <span class='ocrx_word' id='word_1_85' title='bbox 1492 2952 1616 2997; x_wconf 92' lang='lat' dir='ltr'><strong>non</strong></span> <span class='ocrx_word' id='word_1_86' title='bbox 1673 2933 1875 2998; x_wconf 91' lang='lat' dir='ltr'><strong>solum</strong></span> <span class='ocrx_word' id='word_1_87' title='bbox 1920 2951 1960 2996; x_wconf 87' lang='lat' dir='ltr'><strong>a</strong></span> <span class='ocrx_word' id='word_1_88' title='bbox 2003 2930 2320 2997; x_wconf 87' lang='lat' dir='ltr'><strong>veteribus</strong></span> <span class='ocrx_word' id='word_1_89' title='bbox 2363 2930 2625 3013; x_wconf 90' lang='lat' dir='ltr'><strong>scripto·</strong></span> 
     </span>
     <span class='ocr_line' id='line_1_14' title="bbox 264 3028 2626 3116; baseline 0.001 -24"><span class='ocrx_word' id='word_1_90' title='bbox 264 3028 442 3093; x_wconf 84' lang='lat' dir='ltr'><strong>ribus</strong></span> <span class='ocrx_word' id='word_1_91' title='bbox 486 3028 642 3094; x_wconf 86' lang='lat' dir='ltr'><strong>satis</strong></span> <span class='ocrx_word' id='word_1_92' title='bbox 697 3029 1044 3095; x_wconf 85' lang='lat' dir='ltr'><strong>luculenter</strong></span> <span class='ocrx_word' id='word_1_93' title='bbox 1085 3031 1439 3116; x_wconf 82' lang='lat' dir='ltr'><strong>expositum</strong></span> <span class='ocrx_word' id='word_1_94' title='bbox 1484 3040 1612 3116; x_wconf 90' lang='lat' dir='ltr'><strong>est,</strong></span> <span class='ocrx_word' id='word_1_95' title='bbox 1658 3033 1772 3098; x_wconf 92' lang='lat' dir='ltr'><strong>sed</strong></span> <span class='ocrx_word' id='word_1_96' title='bbox 1817 3032 2006 3098; x_wconf 88' lang='lat' dir='ltr'><strong>etiam</strong></span> <span class='ocrx_word' id='word_1_97' title='bbox 2052 3031 2136 3096; x_wconf 92' lang='lat' dir='ltr'><strong>ah</strong></span> <span class='ocrx_word' id='word_1_98' title='bbox 2179 3030 2626 3112; x_wconf 87' lang='lat' dir='ltr'><strong>archaeologis</strong></span> 
     </span>
     <span class='ocr_line' id='line_1_15' title="bbox 263 3129 2624 3218; baseline 0.001 -25"><span class='ocrx_word' id='word_1_99' title='bbox 263 3129 474 3213; x_wconf 83' lang='lat' dir='ltr'><strong>magis</strong></span> <span class='ocrx_word' id='word_1_100' title='bbox 528 3130 859 3214; x_wconf 85' lang='lat' dir='ltr'><strong>magisque</strong></span> <span class='ocrx_word' id='word_1_101' title='bbox 916 3130 1303 3216; x_wconf 85' lang='lat' dir='ltr'><strong>intellegitur</strong></span> <span class='ocrx_word' id='word_1_102' title='bbox 1357 3140 1421 3198; x_wconf 90' lang='lat' dir='ltr'><strong>et</strong></span> <span class='ocrx_word' id='word_1_103' title='bbox 1459 3140 1788 3217; x_wconf 82' lang='lat' dir='ltr'><strong>poetarum</strong></span> <span class='ocrx_word' id='word_1_104' title='bbox 1832 3151 2030 3218; x_wconf 88' lang='lat' dir='ltr'><strong>opera</strong></span> <span class='ocrx_word' id='word_1_105' title='bbox 2068 3132 2428 3216; x_wconf 87' lang='lat' dir='ltr'><strong>rhythmica</strong></span> <span class='ocrx_word' id='word_1_106' title='bbox 2471 3150 2624 3213; x_wconf 90' lang='lat' dir='ltr'><strong>qua·</strong></span> 
     </span>
     <span class='ocr_line' id='line_1_16' title="bbox 266 3229 2629 3316; baseline 0.001 -23"><span class='ocrx_word' id='word_1_107' title='bbox 266 3229 416 3294; x_wconf 88' lang='lat' dir='ltr'><strong>dam</strong></span> <span class='ocrx_word' id='word_1_108' title='bbox 478 3230 723 3296; x_wconf 89' lang='lat' dir='ltr'><strong>ratione</strong></span> <span class='ocrx_word' id='word_1_109' title='bbox 786 3232 1138 3316; x_wconf 86' lang='lat' dir='ltr'><strong>composita</strong></span> <span class='ocrx_word' id='word_1_110' title='bbox 1191 3251 1333 3299; x_wconf 89' lang='lat' dir='ltr'><strong>esse</strong></span> <span class='ocrx_word' id='word_1_111' title='bbox 1390 3253 1515 3299; x_wconf 91' lang='lat' dir='ltr'><strong>non</strong></span> <span class='ocrx_word' id='word_1_112' title='bbox 1572 3235 1693 3300; x_wconf 85' lang='lat' dir='ltr'><strong>erit</strong></span> <span class='ocrx_word' id='word_1_113' title='bbox 1748 3254 1859 3300; x_wconf 90' lang='lat' dir='ltr'><strong>cur</strong></span> <span class='ocrx_word' id='word_1_114' title='bbox 1921 3251 2245 3315; x_wconf 86' lang='lat' dir='ltr'><strong>negemus.</strong></span> <span class='ocrx_word' id='word_1_115' title='bbox 2329 3231 2629 3304; x_wconf 85' lang='lat' dir='ltr'><strong>Carmina</strong></span> 
     </span>
     <span class='ocr_line' id='line_1_17' title="bbox 267 3330 2626 3419; baseline -0.001 -21"><span class='ocrx_word' id='word_1_116' title='bbox 267 3333 434 3398; x_wconf 91' lang='lat' dir='ltr'><strong>enim</strong></span> <span class='ocrx_word' id='word_1_117' title='bbox 479 3331 617 3416; x_wconf 92' lang='lat' dir='ltr'><strong>ipse</strong></span> <span class='ocrx_word' id='word_1_118' title='bbox 644 3330 1043 3398; x_wconf 88' lang='lat' dir='ltr'><strong>Hermannus</strong></span> <span class='ocrx_word' id='word_1_119' title='bbox 1072 3332 1307 3417; x_wconf 86' lang='lat' dir='ltr'><strong>aliique</strong></span> <span class='ocrx_word' id='word_1_120' title='bbox 1350 3335 1601 3418; x_wconf 84' lang='lat' dir='ltr'><strong>aequali</strong></span> <span class='ocrx_word' id='word_1_121' title='bbox 1639 3335 1911 3419; x_wconf 89' lang='lat' dir='ltr'><strong>quadam</strong></span> <span class='ocrx_word' id='word_1_122' title='bbox 1958 3341 2022 3400; x_wconf 90' lang='lat' dir='ltr'><strong>et</strong></span> <span class='ocrx_word' id='word_1_123' title='bbox 2062 3352 2353 3400; x_wconf 87' lang='lat' dir='ltr'><strong>versuum</strong></span> <span class='ocrx_word' id='word_1_124' title='bbox 2399 3338 2463 3397; x_wconf 90' lang='lat' dir='ltr'><strong>et</strong></span> <span class='ocrx_word' id='word_1_125' title='bbox 2489 3350 2626 3395; x_wconf 87' lang='lat' dir='ltr'><strong>ver·</strong></span> 
     </span>
     <span class='ocr_line' id='line_1_18' title="bbox 267 3431 2631 3520; baseline -0.001 -22"><span class='ocrx_word' id='word_1_126' title='bbox 267 3433 487 3498; x_wconf 90' lang='lat' dir='ltr'><strong>borum</strong></span> <span class='ocrx_word' id='word_1_127' title='bbox 554 3432 969 3499; x_wconf 87' lang='lat' dir='ltr'><strong>collocatione</strong></span> <span class='ocrx_word' id='word_1_128' title='bbox 1024 3441 1414 3500; x_wconf 87' lang='lat' dir='ltr'><strong>constructas</strong></span> <span class='ocrx_word' id='word_1_129' title='bbox 1470 3454 1612 3502; x_wconf 89' lang='lat' dir='ltr'><strong>esse</strong></span> <span class='ocrx_word' id='word_1_130' title='bbox 1669 3441 2144 3520; x_wconf 82' lang='lat' dir='ltr'><strong>perspexerunt.</strong></span> <span class='ocrx_word' id='word_1_131' title='bbox 2231 3431 2471 3497; x_wconf 88' lang='lat' dir='ltr'><strong>Eadem</strong></span> <span class='ocrx_word' id='word_1_132' title='bbox 2526 3431 2631 3496; x_wconf 85' lang='lat' dir='ltr'><strong>vel</strong></span> 
     </span>
     <span class='ocr_line' id='line_1_19' title="bbox 267 3532 2628 3621; baseline -0.001 -22"><span class='ocrx_word' id='word_1_133' title='bbox 267 3533 577 3599; x_wconf 86' lang='lat' dir='ltr'><strong>consimili</strong></span> <span class='ocrx_word' id='word_1_134' title='bbox 642 3532 1058 3599; x_wconf 88' lang='lat' dir='ltr'><strong>membrorum</strong></span> <span class='ocrx_word' id='word_1_135' title='bbox 1119 3536 1580 3601; x_wconf 88' lang='lat' dir='ltr'><strong>constructione</strong></span> <span class='ocrx_word' id='word_1_136' title='bbox 1627 3537 2007 3621; x_wconf 87' lang='lat' dir='ltr'><strong>conspicuas</strong></span> <span class='ocrx_word' id='word_1_137' title='bbox 2063 3552 2205 3600; x_wconf 90' lang='lat' dir='ltr'><strong>esse</strong></span> <span class='ocrx_word' id='word_1_138' title='bbox 2258 3533 2517 3599; x_wconf 82' lang='lat' dir='ltr'><strong>lecticas</strong></span> <span class='ocrx_word' id='word_1_139' title='bbox 2560 3539 2628 3597; x_wconf 90' lang='lat' dir='ltr'><strong>ut</strong></span> 
     </span>
     <span class='ocr_line' id='line_1_20' title="bbox 268 3619 2629 3721; baseline -0 -22"><span class='ocrx_word' id='word_1_140' title='bbox 268 3634 360 3699; x_wconf 87' lang='lat' dir='ltr'><strong>ita</strong></span> <span class='ocrx_word' id='word_1_141' title='bbox 400 3619 610 3700; x_wconf 73' lang='lat' dir='ltr'><strong>dicam</strong></span> <span class='ocrx_word' id='word_1_142' title='bbox 653 3634 1007 3700; x_wconf 87' lang='lat' dir='ltr'><strong>dramatum</strong></span> <span class='ocrx_word' id='word_1_143' title='bbox 1051 3634 1448 3719; x_wconf 90' lang='lat' dir='ltr'><strong>potissimum</strong></span> <span class='ocrx_word' id='word_1_144' title='bbox 1491 3642 1705 3721; x_wconf 87' lang='lat' dir='ltr'><strong>partes</strong></span> <span class='ocrx_word' id='word_1_145' title='bbox 1748 3634 2225 3702; x_wconf 88' lang='lat' dir='ltr'><strong>commonstrari</strong></span> <span class='ocrx_word' id='word_1_146' title='bbox 2268 3640 2493 3720; x_wconf 90' lang='lat' dir='ltr'><strong>potest.</strong></span> <span class='ocrx_word' id='word_1_147' title='bbox 2555 3632 2629 3698; x_wconf 92' lang='lat' dir='ltr'><strong>Id</strong></span> 
     </span>
     <span class='ocr_line' id='line_1_21' title="bbox 266 3734 1228 3821; baseline -0.001 -21"><span class='ocrx_word' id='word_1_148' title='bbox 266 3735 436 3818; x_wconf 88' lang='lat' dir='ltr'><strong>quod</strong></span> <span class='ocrx_word' id='word_1_149' title='bbox 478 3735 630 3802; x_wconf 89' lang='lat' dir='ltr'><strong>mihi</strong></span> <span class='ocrx_word' id='word_1_150' title='bbox 675 3734 1065 3821; x_wconf 90' lang='lat' dir='ltr'><strong>propositum</strong></span> <span class='ocrx_word' id='word_1_151' title='bbox 1113 3742 1228 3800; x_wconf 90' lang='lat' dir='ltr'><strong>est.</strong></span> 
     </span>
    </p>

    <p class='ocr_par' dir='ltr' id='par_1_5' title="bbox 265 3834 2630 4629">
     <span class='ocr_line' id='line_1_22' title="bbox 434 3834 2628 3921; baseline -0.001 -19"><span class='ocrx_word' id='word_1_152' title='bbox 434 3835 566 3902; x_wconf 88' lang='lat' dir='ltr'><strong>Sed</strong></span> <span class='ocrx_word' id='word_1_153' title='bbox 609 3842 946 3918; x_wconf 78' lang='lat' dir='ltr'><strong>antequam</strong></span> <span class='ocrx_word' id='word_1_154' title='bbox 983 3834 1067 3900; x_wconf 88' lang='lat' dir='ltr'><strong>ad</strong></span> <span class='ocrx_word' id='word_1_155' title='bbox 1104 3836 1308 3921; x_wconf 88' lang='lat' dir='ltr'><strong>ipsam</strong></span> <span class='ocrx_word' id='word_1_156' title='bbox 1338 3835 1948 3920; x_wconf 87' lang='lat' dir='ltr'><strong>argumentationem</strong></span> <span class='ocrx_word' id='word_1_157' title='bbox 1976 3835 2434 3920; x_wconf 83' lang='lat' dir='ltr'><strong>progredimur,</strong></span> <span class='ocrx_word' id='word_1_158' title='bbox 2480 3835 2628 3918; x_wconf 91' lang='lat' dir='ltr'><strong>quid</strong></span> 
     </span>
     <span class='ocr_line' id='line_1_23' title="bbox 267 3935 2626 4021; baseline -0.002 -18"><span class='ocrx_word' id='word_1_159' title='bbox 267 3936 350 4003; x_wconf 89' lang='lat' dir='ltr'><strong>sit</strong></span> <span class='ocrx_word' id='word_1_160' title='bbox 389 3936 718 4021; x_wconf 88' lang='lat' dir='ltr'><strong>rhythmus</strong></span> <span class='ocrx_word' id='word_1_161' title='bbox 761 3935 1039 4020; x_wconf 90' lang='lat' dir='ltr'><strong>quidque</strong></span> <span class='ocrx_word' id='word_1_162' title='bbox 1094 3936 1217 4002; x_wconf 91' lang='lat' dir='ltr'><strong>sibi</strong></span> <span class='ocrx_word' id='word_1_163' title='bbox 1259 3935 1412 4003; x_wconf 86' lang='lat' dir='ltr'><strong>velit</strong></span> <span class='ocrx_word' id='word_1_164' title='bbox 1465 3936 1817 4021; x_wconf 90' lang='lat' dir='ltr'><strong>episodium</strong></span> <span class='ocrx_word' id='word_1_165' title='bbox 1872 3955 2265 4021; x_wconf 82' lang='lat' dir='ltr'><strong>exponamus</strong></span> <span class='ocrx_word' id='word_1_166' title='bbox 2309 3955 2469 4020; x_wconf 92' lang='lat' dir='ltr'><strong>opus</strong></span> <span class='ocrx_word' id='word_1_167' title='bbox 2512 3942 2626 4000; x_wconf 90' lang='lat' dir='ltr'><strong>est.</strong></span> 
     </span>
     <span class='ocr_line' id='line_1_24' title="bbox 266 4035 2628 4134; baseline -0.002 -31"><span class='ocrx_word' id='word_1_168' title='bbox 266 4037 431 4103; x_wconf 89' lang='lat' dir='ltr'><strong>Nam</strong></span> <span class='ocrx_word' id='word_1_169' title='bbox 478 4039 844 4122; x_wconf 87' lang='lat' dir='ltr'><strong>symmetria</strong></span> <span class='ocrx_word' id='word_1_170' title='bbox 888 4057 1078 4120; x_wconf 87' lang='lat' dir='ltr'><strong>quam</strong></span> <span class='ocrx_word' id='word_1_171' title='bbox 1121 4038 1246 4103; x_wconf 87' lang='lat' dir='ltr'><strong>vim</strong></span> <span class='ocrx_word' id='word_1_172' title='bbox 1270 4037 1526 4134; x_wconf 51' lang='lat' dir='ltr'><strong>-habeat</strong></span> <span class='ocrx_word' id='word_1_173' title='bbox 1571 4045 1759 4121; x_wconf 87' lang='lat' dir='ltr'><strong>atque</strong></span> <span class='ocrx_word' id='word_1_174' title='bbox 1795 4042 2082 4102; x_wconf 87' lang='lat' dir='ltr'><strong>naturam</strong></span> <span class='ocrx_word' id='word_1_175' title='bbox 2129 4035 2246 4102; x_wconf 90' lang='lat' dir='ltr'><strong>etsi</strong></span> <span class='ocrx_word' id='word_1_176' title='bbox 2290 4036 2628 4101; x_wconf 85' lang='lat' dir='ltr'><strong>nemodum</strong></span> 
     </span>
     <span class='ocr_line' id='line_1_25' title="bbox 265 4136 2628 4223; baseline -0.001 -20"><span class='ocrx_word' id='word_1_177' title='bbox 265 4138 487 4223; x_wconf 88' lang='lat' dir='ltr'><strong>paucis</strong></span> <span class='ocrx_word' id='word_1_178' title='bbox 531 4139 933 4223; x_wconf 87' lang='lat' dir='ltr'><strong>perscripsit,</strong></span> <span class='ocrx_word' id='word_1_179' title='bbox 991 4144 1201 4204; x_wconf 87' lang='lat' dir='ltr'><strong>tamen</strong></span> <span class='ocrx_word' id='word_1_180' title='bbox 1248 4139 1400 4222; x_wconf 89' lang='lat' dir='ltr'><strong>quia</strong></span> <span class='ocrx_word' id='word_1_181' title='bbox 1438 4138 1602 4203; x_wconf 88' lang='lat' dir='ltr'><strong>inter</strong></span> <span class='ocrx_word' id='word_1_182' title='bbox 1648 4158 1867 4205; x_wconf 89' lang='lat' dir='ltr'><strong>omnes</strong></span> <span class='ocrx_word' id='word_1_183' title='bbox 1911 4138 2043 4204; x_wconf 88' lang='lat' dir='ltr'><strong>fere</strong></span> <span class='ocrx_word' id='word_1_184' title='bbox 2091 4143 2369 4214; x_wconf 90' lang='lat' dir='ltr'><strong>constat,</strong></span> <span class='ocrx_word' id='word_1_185' title='bbox 2427 4136 2628 4202; x_wconf 88' lang='lat' dir='ltr'><strong>fusius</strong></span> 
     </span>
     <span class='ocr_line' id='line_1_26' title="bbox 267 4236 2630 4326; baseline -0.001 -22"><span class='ocrx_word' id='word_1_186' title='bbox 267 4240 588 4325; x_wconf 82' lang='lat' dir='ltr'><strong>explicare</strong></span> <span class='ocrx_word' id='word_1_187' title='bbox 652 4239 773 4305; x_wconf 90' lang='lat' dir='ltr'><strong>hoc</strong></span> <span class='ocrx_word' id='word_1_188' title='bbox 800 4240 972 4305; x_wconf 77' lang='lat' dir='ltr'><strong>‚loco</strong></span> <span class='ocrx_word' id='word_1_189' title='bbox 1037 4259 1372 4326; x_wconf 88' lang='lat' dir='ltr'><strong>possumus</strong></span> <span class='ocrx_word' id='word_1_190' title='bbox 1436 4238 1871 4324; x_wconf 87' lang='lat' dir='ltr'><strong>supersedere.</strong></span> <span class='ocrx_word' id='word_1_191' title='bbox 1919 4289 1932 4296; x_wconf 92' lang='lat'><strong>-</strong></span> <span class='ocrx_word' id='word_1_192' title='bbox 1981 4238 2127 4303; x_wconf 87' lang='lat' dir='ltr'><strong>Alia</strong></span> <span class='ocrx_word' id='word_1_193' title='bbox 2190 4236 2466 4321; x_wconf 88' lang='lat' dir='ltr'><strong>rhythmi</strong></span> <span class='ocrx_word' id='word_1_194' title='bbox 2532 4244 2630 4302; x_wconf 90' lang='lat' dir='ltr'><strong>est</strong></span> 
     </span>
     <span class='ocr_line' id='line_1_27' title="bbox 265 4336 2626 4425; baseline -0.001 -20"><span class='ocrx_word' id='word_1_195' title='bbox 265 4340 448 4406; x_wconf 89' lang='lat' dir='ltr'><strong>ratio.</strong></span> <span class='ocrx_word' id='word_1_196' title='bbox 540 4339 740 4418; x_wconf 84' lang='lat' dir='ltr'><strong>Quem</strong></span> <span class='ocrx_word' id='word_1_197' title='bbox 786 4340 1084 4423; x_wconf 91' lang='lat' dir='ltr'><strong>quoniam</strong></span> <span class='ocrx_word' id='word_1_198' title='bbox 1128 4359 1253 4406; x_wconf 93' lang='lat' dir='ltr'><strong>non</strong></span> <span class='ocrx_word' id='word_1_199' title='bbox 1307 4340 1611 4425; x_wconf 90' lang='lat' dir='ltr'><strong>temporis</strong></span> <span class='ocrx_word' id='word_1_200' title='bbox 1658 4342 1860 4406; x_wconf 91' lang='lat' dir='ltr'><strong>solum</strong></span> <span class='ocrx_word' id='word_1_201' title='bbox 1918 4338 2298 4418; x_wconf 87' lang='lat' dir='ltr'><strong>intervallis,</strong></span> <span class='ocrx_word' id='word_1_202' title='bbox 2346 4336 2461 4402; x_wconf 92' lang='lat' dir='ltr'><strong>sed</strong></span> <span class='ocrx_word' id='word_1_203' title='bbox 2503 4338 2626 4403; x_wconf 90' lang='lat' dir='ltr'><strong>loci</strong></span> 
     </span>
     <span class='ocr_line' id='line_1_28' title="bbox 266 4437 2627 4528; baseline -0.002 -21"><span class='ocrx_word' id='word_1_204' title='bbox 266 4440 453 4507; x_wconf 87' lang='lat' dir='ltr'><strong>etiam</strong></span> <span class='ocrx_word' id='word_1_205' title='bbox 499 4441 800 4525; x_wconf 91' lang='lat' dir='ltr'><strong>cognosci</strong></span> <span class='ocrx_word' id='word_1_206' title='bbox 844 4461 1038 4528; x_wconf 86' lang='lat' dir='ltr'><strong>supra</strong></span> <span class='ocrx_word' id='word_1_207' title='bbox 1080 4441 1424 4520; x_wconf 89' lang='lat' dir='ltr'><strong>docuimus,</strong></span> <span class='ocrx_word' id='word_1_208' title='bbox 1471 4442 1576 4524; x_wconf 91' lang='lat' dir='ltr'><strong>qui</strong></span> <span class='ocrx_word' id='word_1_209' title='bbox 1621 4440 2004 4506; x_wconf 89' lang='lat' dir='ltr'><strong>Aristoxeno</strong></span> <span class='ocrx_word' id='word_1_210' title='bbox 2050 4445 2304 4506; x_wconf 85' lang='lat' dir='ltr'><strong>auctore</strong></span> <span class='ocrx_word' id='word_1_211' title='bbox 2344 4437 2627 4503; x_wconf 89' lang='lat' dir='ltr'><strong>ordinem</strong></span> 
     </span>
     <span class='ocr_line' id='line_1_29' title="bbox 265 4539 2628 4629; baseline -0.002 -21"><span class='ocrx_word' id='word_1_212' title='bbox 265 4547 617 4629; x_wconf 89' lang='lat' dir='ltr'><strong>temporum</strong></span> <span class='ocrx_word' id='word_1_213' title='bbox 671 4543 965 4610; x_wconf 88' lang='lat' dir='ltr'><strong>dixerunt</strong></span> <span class='ocrx_word' id='word_1_214' title='bbox 1018 4541 1309 4609; x_wconf 85' lang='lat' dir='ltr'><strong>videntur</strong></span> <span class='ocrx_word' id='word_1_215' title='bbox 1367 4561 1632 4608; x_wconf 86' lang='lat' dir='ltr'><strong>errasse.</strong></span> <span class='ocrx_word' id='word_1_216' title='bbox 1720 4541 1808 4606; x_wconf 89' lang='lat' dir='ltr'><strong>Hi</strong></span> <span class='ocrx_word' id='word_1_217' title='bbox 1853 4541 2016 4606; x_wconf 86' lang='lat' dir='ltr'><strong>enim</strong></span> <span class='ocrx_word' id='word_1_218' title='bbox 2064 4560 2203 4606; x_wconf 91' lang='lat' dir='ltr'><strong>eum</strong></span> <span class='ocrx_word' id='word_1_219' title='bbox 2268 4560 2392 4605; x_wconf 92' lang='lat' dir='ltr'><strong>non</strong></span> <span class='ocrx_word' id='word_1_220' title='bbox 2438 4539 2628 4624; x_wconf 80' lang='lat' dir='ltr'><strong>modo</strong></span> 
     </span>
    </p>
   </div>
   <div class='ocr_carea' id='block_1_5' title="bbox 2205 4640 2294 4710">
    <p class='ocr_par' dir='ltr' id='par_1_6' title="bbox 2205 4640 2294 4710">
     <span class='ocr_line' id='line_1_30' title="bbox 2205 4640 2294 4710; baseline 0 -32"><span class='ocrx_word' id='word_1_221' title='bbox 2205 4640 2294 4710; x_wconf 52' lang='lat'><strong>1&amp;</strong></span> 
     </span>
    </p>
   </div>
  </div>
 </body>
</html>
