3267 5450
1176 1470 1744 1609 'FABULAE
1814 1467 2645 1582 AESOHYLEAE.

1337 1701 1399 1770 Ι.
1483 1701 2002 1769 Adnotationes
2043 1700 2136 1767 ad
2173 1698 2479 1770 tabulas.

895 1873 1146 1957 Repetii
1188 1892 1353 1955 qnae
1397 1873 1598 1938 textui
1642 1874 1911 1940 subiecit
1941 1873 2396 1955 Kirchhoffius‚
2437 1872 2620 1937 uncis
2663 1870 2876 1937 inclusi
2915 1887 3054 1952 quae

729 1979 986 2059 egomet
1025 1973 1253 2039 adieci.

895 2078 951 2140 1.
1038 2073 1290 2139 Persae.
1392 2088 1427 2101 “·

890 2174 958 2239 Π
997 2175 1035 2240 2
1069 2197 1086 2240 3
1116 2174 1332 2242 28?*:
1376 2180 1523 2257 post
1574 2174 1700 2241 768
1756 2192 1976 2239 versus
2021 2173 2264 2256 aliquot
2305 2173 2569 2238 haustos
2612 2192 2755 2237 esse
2793 2170 3061 2237 indicavit

729 2274 1134 2341 Hermannus
1179 2273 1460 2356 [iniuria,
1500 2281 1568 2339 ut
1607 2273 1909 2358 videtur}

895 2374 957 2441 2.
1045 2373 1402 2458 Supplices.

894 2474 932 2538 I
975 2476 1044 2539 1:
1096 2474 1311 2541 16.*1:
1356 2479 1503 2558 post
1547 2472 1669 2540 198
1710 2470 1947 2536 excidit
1986 2491 2147 2536 unus
2190 2471 2397 2536 Danai
2441 2471 2806 2537 versiculus,

898 2573 930 2636 I
971 2574 1047 2641 23
1087 2573 1301 2641 29913
1372 2580 1519 2657 post
1559 2573 1728 2636 hunc
1780 2591 2031 2636 versum
2094 2571 2283 2656 [283]
2346 2571 2639 2637 excidere
2697 2571 2865 2636 chori
2914 2571 3068 2635 ducis

729 2673 929 2738 verba
990 2670 1094 2760 [ex
1135 2672 1363 2756 quibus
1420 2692 1608 2738 unum
1664 2691 1916 2738 versum
1974 2671 2334 2739 constitisse
2391 2671 2873 2757 stichomythiae
2928 2671 3070 2737 ratio

732 2772 964 2861 docet].
1009 2812 1093 2822 —
1134 2775 1292 2839 Post
1331 2773 1454 2841 299
1497 2773 1734 2839 excidit
1773 2774 1947 2855 regis
1989 2773 2362 2854 versiculus,
2404 2772 2553 2837 item
2595 2779 2743 2856 post
2782 2773 2915 2840 302.

897 2873 1021 2937 111:
1066 2874 1262 2940 12?*:
1325 2879 1473 2958 post
1527 2873 1695 2940 hunc
1768 2892 2019 2938 versum
2073 2872 2259 2958 [739]
2305 2873 2484 2937 hiare
2527 2874 2876 2938 orationem
2914 2873 3072 2937 intel-

732 2972 889 3038 lexit
929 2973 1332 3056 Hartungus;
1379 2972 1570 3059 [falso
1613 2972 1679 3036 id
1723 2973 1972 3038 videtur
2014 2971 2360 3059 statuisse].

898 3072 987 3137 IV
1029 3072 1100 3139 2:
1148 3073 1264 3139 4²⁸:
1308 3072 1644 3140 901—904
1685 3073 1768 3137 ab
1814 3073 1935 3137 hoc
1974 3072 2116 3138 loco
2161 3073 2406 3137 alienos
2450 3072 2662 3155 potius
2706 3093 2846 3138 cum
2887 3071 3076 3138 verbis

734 3172 1098 3258 praeconis,
1168 3191 1331 3254 quae
1391 3175 1686 3256 leguntur
1740 3174 1996 3255 917.18,
2063 3171 2537 3255 coniungendos
2601 3191 2742 3264 esse
2796 3172 3080 3237 intellexit

734 3272 1129 3338 Schuetzius.
1216 3273 1533 3358 [Episodii
1594 3274 1802 3355 quarti
1855 3293 2152 3338 scaenam
2205 3271 2549 3336 secundam
2603 3274 2721 3336 snb
2787 3272 2976 3337 literis
3013 3273 3078 3337 B.

735 3382 800 3438 et
854 3372 915 3437 C.
990 3371 1123 3436 dixi
1186 3374 1531 3439 secundum
1598 3372 2030 3457 symmetriam
2105 3372 2493 3454 singularem
2561 3374 2970 3457 compositam
3028 3379 3083 3437 et

3175 564 3211 587 ὃ,

735 3473 990 3538 dualem
1034 3472 1387 3557 simplicem
1432 3480 1856 3538 constructam
1901 3492 2043 3538 esse
2100 3471 2254 3535 mihi
2297 3472 2520 3537 videri.
2605 3472 2774 3537 Addi
2831 3472 3083 3538 fortasse
3199 3469 3208 3484 ⁴

736 3579 948 3657 potest
1030 3571 1220 3637 etiam
1310 3575 1659 3640 secundum
1730 3573 2167 3657 symmetriam
2259 3571 2646 3655 singularem
2732 3573 3083 3657 simplicem.

737 3672 989 3740 Mediae
1047 3674 1212 3739 enim
1269 3675 1441 3758 regis
1500 3673 1771 3739 orationi
1834 3672 2122 3754 quaterni
2175 3672 2509 3757 praeconis
2562 3692 2785 3738 versus
2844 3673 3087 3739 circum-

735 3774 965 3853 iacent,
991 3792 1150 3856 quos
1180 3773 1302 3838 sibi
1326 3773 1712 3857 respondere
1736 3771 2008 3839 fortasse
2033 3773 2233 3837 voluit
2258 3780 2449 3856 poeta
2472 3773 2554 3838 ad
2579 3772 2747 3838 hanc
2759 3773 3086 3839 rationem:

1545 3874 1607 3935 Β
1687 3875 1786 3935 κΒ
1866 3898 1902 3935 κ
1986 3874 2048 3935 Β
2124 3898 2160 3935 κ
2244 3874 2306 3935 Β

1542 3974 1583 4040 5
1670 3973 1813 4038 14.1
1854 3971 2206 4111 Ἤρ
2247 3969 2436 4058 2,12.]

899 4122 989 4188 lV
1030 4124 1102 4190 3:
1158 4122 1324 4191 34?:
1384 4132 1529 4208 post
1570 4124 1697 4193 959
1754 4125 2072 4192 excidisse
2116 4124 2419 4190 nonnulla
2473 4124 2784 4190 intellexit
2823 4124 3095 4191 Weilius.
3219 4071 3220 4158 ἦ

904 4223 1454 4411 {ithiezm-post
1497 4325 1620 4393 177
1665 4372 1683 4390 .
1727 4371 1745 4389 .
1790 4373 1806 4390 .
1851 4324 2029 4391 hiare
2093 4324 2443 4390 orationem
2485 4323 2797 4390 intellexit
2837 4325 3094 4391 Dindor-

740 4422 888 4502 fius3
957 4421 1278 4612 [qilattuor
1341 4445 1564 4491 versus
1607 4425 1924 4492 excidisse
1989 4432 2059 4491 ut
2101 4431 2452 4491 statuamus
2496 4425 2907 4509 symmetrica
2950 4426 3095 4492 ratio

740 4523 1067 4614 postulat.
