3267 5450
756 503 806 564 §-
845 500 896 554 3.
971 497 1057 553 De
1098 497 1582 557 coniunctionibus
1617 498 1959 559 dramaticis.
2458 496 2543 563 25

175 664 393 742 Quare
434 672 566 731 tres
610 668 767 731 sunt'
796 666 1247 748 agnoscendae
1289 686 1564 733 scaenae
1604 667 1957 752 particulae
1999 666 2259 732 chorica
2299 665 2547 731 actione
2617 720 2622 727 .

176 772 488 831 secretae.
2512 790 2517 795 ·

327 982 399 1078 ξ.
454 985 522 1059 3.
621 976 799 1056 De
850 978 1733 1059 coniunctionibus
1784 977 2399 1058 dramatici&

342 1164 517 1229 Satis
543 1164 777 1230 dictum
807 1184 951 1231 esse
980 1166 1253 1231 arbitror
1281 1173 1344 1231 et
1371 1165 1655 1231 carmina
1683 1165 2066 1251 principalia
2108 1172 2172 1231 et
2209 1167 2549 1232 interscae-

94 1296 97 1297 ⁷
175 1265 286 1330 nia
312 1271 377 1329 et
396 1265 778 1347 interloquia
801 1265 884 1329 ad
910 1265 1296 1331 dirimendas
1312 1266 1581 1331 actionis
1604 1266 1941 1332 scaenicae
1963 1273 2177 1351 partes
2198 1285 2551 1331 accommo-
2577 1313 2586 1318 -

175 1364 366 1429 datas
412 1384 573 1430 esse.
651 1365 872 1429 Restat
913 1372 980 1430 ut
1012 1365 1091 1430 de
1120 1365 1680 1431 coniunctionibus
1724 1366 2093 1431 dramaticis
2137 1385 2552 1450 exponamus,

178 1463 303 1528 hoc
336 1469 437 1528 est
462 1464 542 1528 de
569 1464 665 1529 eis
691 1483 732 1529 a
758 1465 932 1529 chori
963 1465 1123 1531 duce
1159 1459 1529 1550 plerumque
1552 1466 1972 1549 pronuntiatis
1999 1466 2288 1531 versibus
2324 1467 2552 1550 quibus

173 1563 277 1629 vel
312 1564 573 1629 chorica
605 1566 771 1629 actio
814 1585 953 1630 cum
988 1567 1285 1631 scaenica
1326 1568 1428 1631 vel
1467 1567 1766 1632 scaenica
1796 1586 1934 1632 cum
1982 1566 2238 1632 chorica
2274 1567 2555 1650 iungitur

175 1665 279 1729 vel
310 1664 607 1747 singulae
650 1664 919 1730 actionis
964 1666 1296 1732 scaenicae
1341 1672 1561 1751 partes
1604 1667 1767 1731 inter
1809 1686 1879 1732 se
1922 1667 2283 1732 cohaerent.

343 1765 513 1829 Nam
572 1764 794 1829 drama
838 1765 1223 1832 Graecorum
1280 1767 1343 1830 in
1401 1766 1562 1831 duas
1628 1766 2025 1851 potissimum
2083 1774 2300 1850 partes
2342 1772 2555 1851 potest

176 1864 401 1942 dividi,
444 1865 509 1928 in
553 1864 866 1929 actionem
891 1865 1251 1955 *choricam,
1296 1885 1461 1950 quae
1503 1866 1566 1930 in
1610 1866 1873 1951 parodis
1904 1866 2222 1950 plerisque
2266 1874 2328 1931 et
2369 1867 2547 1931 stasi-

178 1965 299 2030 mis
345 1970 411 2049 et
442 1963 884 2031 interscaeniis
915 1967 1321 2051 conspicitur,
1365 1973 1428 2031 et
1471 1966 1535 2030 in
1581 1967 1895 2032 actionem
1939 1971 2320 2050 scaenicam,
2363 1987 2554 2051 quam

177 2064 515 2150 perficiunt
577 2065 915 2130 histriones
974 2072 1085 2130 aut
1140 2066 1259 2131 soli
1326 2072 1436 2130 aut
1492 2087 1631 2131 cum
1679 2066 1874 2132 choro
1920 2066 2255 2132 coniuncti.
2342 2066 2557 2131 Media

178 2165 458 2248 quadam
505 2164 862 2230 conditione
904 2172 967 2229 et
1008 2166 1291 2248 reliquae
1324 2166 1552 2251 parodi
1596 2172 1743 2231 sunt
1789 2174 1852 2232 et
1895 2166 2178 2231 carmina
2218 2167 2300 2231 ab
2345 2166 2554 2231 histri·

179 2265 413 2329 onibus
460 2270 523 2330 et
563 2264 757 2331 choro
801 2265 1060 2330 alternis
1105 2271 1380 2347 cantata,
1422 2286 1586 2349 quae
1627 2274 1841 2332 tamen
1885 2266 1966 2331 ad
2012 2266 2328 2332 choricam
2364 2266 2557 2332 actio-

178 2385 323 2431 nem
369 2363 632 2449 propius
676 2363 982 2430 accedere
1025 2364 1337 2430 videntur.
2055 2437 2061 2444 ,

347 2467 559 2548 Atque
602 2464 929 2530 exordium
978 2459 1307 2549 capiamus
1353 2467 1436 2530 ab
1481 2466 1575 2530 eis
1619 2465 2164 2530 coniunctionibus
2208 2485 2372 2548 quae
2416 2485 2557 2531 cum

181 2568 308 2631 sint
352 2565 601 2631 articuli
648 2565 829 2648 quasi
874 2565 1145 2630 actionis
1204 2566 1499 2632 choricae
1546 2572 1609 2630 et
1653 2566 2022 2647 scaenicae,
2084 2565 2559 2630 coniunctiones

13 2682 43 2780 >
182 2662 324 2733 κατ’
372 2661 613 2749 ἐξοχὴν
654 2685 885 2731 vocare
928 2665 1095 2731 licet.
1184 2666 1463 2745 Quarum
1512 2666 1637 2732 duo
1685 2672 1830 2732 sunt
1871 2685 2144 2750 genera,
2201 2686 2391 2731 unum
2436 2683 2561 2749 quo

182 2768 446 2833 chorica
476 2766 656 2832 actio
701 2767 1049 2833 conectitur
1101 2787 1240 2844 cum
1285 2767 1600 2844 scaenica,
1663 2768 1930 2831 alterum
1977 2786 2103 2849 quo
2143 2768 2450 2831 transitus
2493 2766 2564 2830 fit

183 2868 267 2932 ab
327 2866 635 2932 scaenica
697 2866 948 2933 actione
1015 2865 1100 2931 ad
1157 2868 1333 2934 chori
1392 2873 1665 2933 cantum.
1749 2865 1880 2932 Sed
1922 2866 2004 2931 de
2062 2865 2174 2931 illo
2235 2866 2563 2950 superiore

183 2969 359 3052 prius
405 2967 673 3033 dicatur.

747 3137 812 3202 Α.
858 3138 943 3204 De
989 3138 1180 3221 primo
1227 3153 1457 3220 uenere
1502 3136 2018 3204 coniunctionum.

354 3271 414 3317 a.
463 3253 561 3316 Ex
604 3272 728 3335 quo
772 3272 1006 3335 genere
1051 3260 1196 3317 sunt
1236 3253 1300 3316 in
1348 3252 1586 3317 fabulis
1627 3251 2020 3338 Aeschyleis:

355 3356 413 3416 1.
458 3351 714 3417 Persar.
765 3354 884 3420 140
911 3372 994 3417 ss.
1042 3358 1188 3436 post
1229 3350 1572 3436 parodum:
1639 3351 1971 3418 duodecim
2017 3349 2269 3415 dimetri
2324 3355 2389 3414 et
2439 3355 2569 3414 tres

188 3453 563 3517 monometri
609 3454 679 3534 (4
721 3453 906 3535 syst.)
951 3453 1339 3536 anapaestici.
1375 3451 1584 3516 chori:
1628 3450 1940 3516 adventus
1987 3454 2260 3516 Atossae
2307 3470 2347 3514 a
2393 3449 2568 3514 chori

190 3550 347 3617 duce
393 3551 750 3617 nuntiatur:
809 3549 952 3619 ἀλλ’
1000 3551 1119 3637 ἣδε
1160 3556 1344 3617 θεῶν
1405 3551 1554 3618 ἴσον
1597 3546 1980 3636 ὀφθαλμοῖς
2040 3551 2217 3636 φάος
2285 3547 2572 3636 ὁρμᾶται

187 3652 390 3737 μήτηρ
434 3655 767 3734 βασιλέως
789 3652 878 3736 Ὅ.

352 3752 413 3817 2.
461 3749 836 3834 Supplicum
877 3751 1002 3819 788
1026 3769 1091 3815 ss
1158 3756 1304 3833 post
1345 3748 1674 3814 stasimum
1713 3749 1998 3814 tertium:
2064 3756 2308 3834 septem
2348 3766 2572 3813 versus
2607 3795 2612 3799 -

193 3852 404 3915 melici
428 3868 668 3932 magna
690 3870 771 3915 ex
795 3857 976 3933 parte
1000 3839 1480 3934 corrupti‘chori
1502 3886 1586 3896 —
1607 3848 1870 3913 melicos
1895 3855 2104 3914 autem
2133 3868 2293 3914 voco
2323 3847 2428 3931 qui
2453 3867 2572 3913 nee

194 3950 589 4035 anapaestici
632 3969 854 4014 versus
898 3957 1044 4014 sunt
1086 3969 1203 4015 nec
1245 3948 1550 4014 trochaici
1605 3948 1954 4013 tetrametri
2007 3969 2127 4013 nec
2169 3947 2423 4013 iambici
2467 3946 2570 4011 tri·

335 4121 396 4188 ⁸)
445 4119 519 4175 Ut
556 4118 908 4188 anapaestici
943 4134 1143 4174 versus
1182 4133 1307 4172 cum
1355 4117 1412 4171 in
1450 4116 1679 4185 reliquis
1715 4116 1922 4172 fabulis
1959 4124 2076 4171 tum
2111 4117 2168 4171 in
2204 4116 2393 4173 Persis
2428 4115 2570 4169 indi-

196 4206 281 4261 cio
318 4213 452 4263 sunt
501 4223 624 4262 cum
674 4206 1027 4262 solemnitate
1080 4206 1320 4275 quadam
1371 4206 1681 4274 procedere
1731 4204 2061 4271 histriones,
2116 4205 2199 4259 ita
2243 4221 2356 4259 non
2404 4204 2572 4259 modo

193 4294 479 4364 trochaici,
521 4294 623 4350 sed
661 4296 827 4350 etiam
864 4309 1276 4370 nonnumquam
1314 4293 1557 4361 iambici,
1594 4294 1748 4348 velut
1782 4294 1837 4348 in
1876 4292 2099 4361 Septem
2141 4292 2404 4364 (σπουδῇ
2441 4288 2573 4345 διώ-

195 4387 336 4452 κων)
357 4423 375 4447 ,
429 4391 724 4439 accurrere
773 4390 999 4438 actores
1037 4382 1356 4437 declarant:
1422 4396 1535 4451 qua
1572 4381 1645 4436 de
1704 4398 1765 4437 re
1819 4388 1882 4436 ut
1928 4397 2077 4436 nunc
2132 4396 2296 4436 nemo
2354 4378 2575 4435 dubitet

198 4471 420 4529 Christii
456 4470 904 4545 Myriantheique
943 4470 1506 4528 commentationibus
1542 4469 1755 4526 factum
1791 4474 1916 4542 est..
