3267 5450
706 515 792 587 66
1196 536 1246 576 c.
1289 521 1387 578 111.
1426 518 1513 578 De
1548 522 1873 593 symmetria
1910 522 2224 583 dramatica
2260 519 2607 596 Aeschylea.

874 888 991 953 ΙΙΙ.
1062 890 1409 973 episodium
1468 892 1715 954 tertium
1761 889 1885 957 556
1905 909 2002 953 ss:
2073 890 2279 974 prima
2345 889 2509 953 enim
2568 890 2705 956 eius
2761 890 3064 973 particula

709 988 1382 1072 duodequinquaginta
1426 989 1620 1054 habet
1661 1010 1903 1071 versus,
1949 989 2231 1055 secunda
2273 990 2632 1072 sexaginta,
2678 991 2867 1054 tertia
2906 996 3065 1057 octo·
3133 1050 3138 1056 .

709 1089 906 1172 ginta,
953 1094 1180 1171 quarta
1223 1089 1447 1172 viginti
1492 1097 1806 1172 quattuor,
1850 1090 2069 1172 quinta
2112 1089 2439 1173 octoginta
2477 1096 2774 1172 quattuor
2818 1097 2925 1171 (ex
2959 1110 3067 1172 quo

593 1184 597 1189 ’
706 1208 968 1253 numero
1013 1209 1153 1253 cum
1196 1191 1497 1254 exclusae
1543 1190 1669 1257 sint
1697 1189 1871 1253 chori
1915 1192 2236 1272 strophae,
2267 1197 2460 1254 totam
2506 1190 2818 1254 rationem
2861 1190 2923 1253 in
2972 1189 3068 1254 du·

708 1288 880 1353 bium
925 1289 1141 1353 vocari
1198 1290 1336 1373 ipse
1380 1310 1506 1354 non
1549 1290 1889 1372 negarim).
1985 1289 2298 1367 Quoniam
2362 1297 2570 1354 autem
2638 1310 2887 1355 summa
2941 1310 3069 1354 ver-

709 1409 891 1454 suum
932 1389 996 1453 in
1041 1389 1245 1472 prima
1305 1396 1366 1454 et
1410 1389 1691 1454 secunda
1734 1390 1957 1454 eadem
2012 1399 2108 1454 est
2147 1408 2313 1469 quae
2356 1389 2419 1453 in
2465 1397 2692 1472 quarta
2733 1397 2799 1455 et
2840 1391 3073 1472 quinta,

708 1489 870 1554 haec
910 1489 1186 1567 fortasse
1230 1490 1666 1576 responsionis
1709 1489 1974 1572 agnosci
2019 1495 2229 1573 potest
2269 1489 2506 1572 figura:

1518 1590 2265 1702 ngw

1507 1709 1629 1775 108
1668 1709 1677 1764 Ι
2095 1710 2104 1764 Ι
2141 1709 2280 1776 108-

1343 1919 1401 1983 F.
1472 1919 1555 1985 De
1599 1919 1956 2003 symmetria
1998 1866 2455 2003 proportionali.

879 2082 939 2145 N
944 2102 1023 2146 on
1051 2083 1279 2148 desunt
1312 2085 1495 2149 aliter
1522 2085 1833 2150 formatae
1865 2084 2288 2168 symmetriae.
2337 2083 2432 2146 Ex
2457 2082 2555 2146 his
2579 2091 2793 2145 tamen
2820 2081 2928 2145 illa
2956 2100 3081 2145 una

710 2201 898 2263 quam
932 2185 1476 2266 spectemus'mihi
1518 2186 1770 2268 quidem
1801 2187 2050 2249 videtur
2088 2184 2467 2266 dignissima
2511 2200 2675 2263 quae
2725 2181 2847 2245 hoc
2886 2181 3084 2245 habet

708 2283 1030 2366 proprium
1077 2284 1246 2366 quod
1302 2291 1508 2350 certus
1553 2306 1849 2350 versuum
1895 2305 2190 2349 numerus
2244 2303 2368 2348 non
2411 2289 2541 2346 tam
2588 2282 2856 2365 simplex
2897 2300 3081 2365 repe-

568 2442 585 2455 „
709 2381 856 2445 titur
912 2402 1103 2464 quam
1158 2385 1609 2468 multiplicatus
1664 2388 1728 2450 in
1776 2388 1867 2450 eis
1911 2386 2069 2451 locis
2112 2386 2356 2469 positus
2399 2381 2713 2447 invenitur
2757 2398 2909 2462 quos
2956 2380 3084 2457 sibi

708 2482 1096 2564 respondere
1141 2486 1567 2569 colligendum
1615 2493 1739 2567 est,
1807 2494 1868 2551 et
1909 2486 1999 2550 ita
2045 2485 2296 2567 quidem
2343 2490 2409 2548 ut
2450 2483 2741 2565 singulae
2783 2500 3081 2545 versuum

707 2582 1211 2666 complexiones,
1274 2606 1438 2667 quae
1496 2588 1864 2669 plerumque
1920 2591 2243 2667 tamquam
2309 2583 2761 2665 colloquiorum
2832 2580 3084 2644 termini

707 2688 871 2764 sunt,
918 2682 983 2748 in
1029 2685 1252 2750 eadem
1281 2689 1407 2751 sint
1432 2687 1677 2752 ratione
1722 2692 1909 2770 atque
1955 2694 2063 2750 aut
2099 2703 2265 2769 *unus
2310 2684 2391 2748 ad
2436 2683 2596 2747 duos
2640 2688 2750 2746 aut
2793 2700 2950 2746 unus
3000 2679 3086 2745 ad

706 2789 835 2847 tres
880 2792 990 2849 aut
1051 2805 1210 2850 unus
1264 2788 1347 2850 ad
1402 2795 1697 2870 quattuor
1740 2797 1848 2851 aut
1902 2807 2090 2852 versa
2132 2786 2304 2861 vice,
2370 2802 2841 2865 nonnumquam
2886 2782 3087 2845 etiam

707 2885 1191 2965 progressiones
1249 2887 1592 2952 exhibeant
1631 2908 1796 2969 quas
1840 2888 2056 2951 dicunt
2098 2885 2559 2965 arithmeticas,
2616 2883 2791 2948 velut
2834 2902 2950 2946 sex
3000 2881 3089 2946 ad

707 3001 936 3047 novem
982 2984 1065 3047 ad
1110 2985 1439 3051 duodecim
1549 2987 1671 3064 Qui
1733 2988 1988 3069 quidem
2048 2985 2293 3050 numeri
2351 2983 2664 3066 quomodo
2709 2982 2836 3046 sint
2876 2980 3089 3065 expli-

709 3082 896 3147 candi
943 3086 1187 3151 nescire
1233 3107 1332 3151 me
1378 3086 1714 3167 confiteor,
1771 3089 1889 3152 nisi
1940 3087 1995 3152 si
2040 3106 2228 3170 pares
2272 3103 2566 3149 numeros
2609 3083 2812 3167 (velut
2852 3101 3091 3160 novem

580 3238 597 3252 .
710 3190 772 3247 et
800 3188 1056 3266 novem)
1100 3186 1398 3269 rhythmo
1431 3187 1719 3253 adhibito
1763 3188 1909 3252 ideo
1951 3194 2227 3251 mutatos
2271 3204 2413 3250 esse
2457 3183 2783 3252 arbitreris
2827 3190 2892 3246 ut
2936 3201 3091 3266 pro·

709 3285 915 3366 portio
959 3284 1138 3351 fieret
1201 3288 1406 3370 (velut
1461 3308 1576 3352 sex
1630 3289 1713 3351 ad
1761 3287 2096 3353 duodecim
2153 3287 2315 3352 sicut
2355 3303 2517 3349 unus
2562 3283 2644 3347 ad
2688 3283 2865 3363 duo).
2953 3282 3097 3365 Sed

710 3385 995 3450 consulto
1013 3386 1106 3451 eis
1123 3388 1398 3452 numeris
1414 3397 1642 3472 poetas
1660 3409 1808 3454 usos
1824 3409 1966 3453 esse
1991 3390 2180 3453 etiam
2202 3406 2281 3451 ex
2299 3384 2815 3467 Choephororum
2835 3402 3094 3448 commo

711 3485 1087 3550 concludere
1146 3479 1347 3565 licetss'
1395 3488 1499 3568 qui
1553 3483 1694 3553 cum
1738 3489 1876 3571 ipse
1921 3488 2109 3568 mira,
2175 3487 2290 3551 sed
2335 3484 2717 3570 perpulchra
2765 3489 3097 3558 structura

710 3585 1087 3668 conspicuus
1131 3588 1242 3665 sit,
1310 3588 1465 3652 illud
1512 3588 1832 3671 significat
1897 3590 2089 3651 etiam
2156 3586 2630 3652 coniunctiones
2694 3583 3097 3648 dramaticas

708 3684 935 3766 quibus
981 3704 1122 3749 cum
1165 3688 1411 3769 reliqua
1453 3690 1702 3753 actione
1746 3695 2033 3758 nectatur
2089 3696 2262 3751 certa
2305 3686 2584 3767 quadam
2628 3686 2772 3766 lege
2817 3685 3098 3749 obstric-

706 3790 808 3849 tas
853 3804 1016 3850 esse.
1103 3785 1411 3852 Constant
1465 3796 1673 3853 autem
1707 3788 2057 3854 extribus
2101 3793 2164 3852 et
2205 3807 2284 3851 ex
2347 3805 2475 3851 uno
2538 3790 2883 3868 systemate
2930 3804 3098 3848 ana-

708 3885 995 3968 paestico
1043 3887 1152 3967 (cf.
1200 3888 1510 3952 coniunct.
1543 3889 1745 3953 dram.
1780 3890 1853 3953 B.
1889 3889 1947 3955 7.
1990 3895 2061 3953 ‘et
2103 3889 2178 3950 A.
2206 3886 2334 3970 7.);
2377 3905 2502 3949 non
2548 3891 2691 3948 sunt
2732 3883 2928 3967 igitur
2976 3904 3098 3948 nu-

708 4006 882 4051 mero
918 4007 1105 4070 pares
1136 3994 1322 4070 atque
1351 3990 1676 4070 aequales,
1723 3988 1837 4053 sed
1882 3987 2409 4073 proportionales.
2476 3985 2783 4050 Similiter
2826 4003 3097 4068 compo-

610 4099 615 4108 “
708 4086 870 4149 sitae
915 4094 1060 4151 sunt
1103 4088 1165 4153 in
1211 4088 1447 4154 fabulis
1490 4089 1868 4172 Aeschyleis
1911 4089 2034 4153 hae
2082 4105 2388 4151 scaenae:
2440 4113 2446 4124 ·

880 4189 935 4250 1.
1000 4187 1252 4255 Persae.
1506 4180 1529 4194 '
1763 4247 1767 4251 Α
1977 4250 1981 4254 .
2255 4183 2266 4200 '

874 4288 902 4352 1
947 4288 1003 4354 3.
1074 4279 1375 4373 Episodii
1405 4290 1608 4374 primi
1647 4308 1874 4353 scaena
1906 4289 2094 4351 tertia
2134 4287 2259 4353 288
2282 4304 2378 4349 ss:
2424 4284 2490 4347 in
2534 4283 2773 4349 eisdem
2808 4302 3100 4350 scaenae

706 4387 1035 4470 particulis
1082 4397 1145 4454 et
1191 4389 1273 4453 ab
1299 4392 1532 4453 Atossa
1575 4389 1781 4454 viceni
1825 4389 1987 4454 terni
2019 4407 2240 4454 versus
2282 4386 2766 4473 pronuntiantur
2811 4384 2965 4468 (sub
2997 4387 3097 4451 lit.

707 4487 837 4576 R),
883 4487 1004 4552 hoc
1047 4496 1153 4571 est,
1175 4489 1239 4553 in
1279 4488 1461 4564 initio
1505 4497 1567 4554 et
1608 4490 1734 4554 fine
1759 4495 1821 4553 et
1864 4507 1905 4552 a
1947 4489 2166 4552 nuntio
2196 4487 2596 4574 proferuntur
2638 4486 2736 4550 bis
2763 4484 2979 4551 viceni
3026 4494 3100 4553 et

1885 4594 1911 4624 Ἶ

870 689 991 754 Ηίε
1034 687 1253 753 nescio
1298 707 1380 753 an
1427 688 1794 756 addendum
1839 690 1924 756 sit
2257 724 2262 729 ·

869 791 929 857 7.
1014 787 1438 854 Eumenidum
