3267 5450
1062 516 1112 577 §-
1154 516 1202 570 1.
1260 512 1348 569 De
1385 512 1552 570 exodi
1586 474 1835 568 notione.
1971 541 1982 555 ·
2591 511 2632 578 5

267 681 494 762 iudici,
577 681 745 764 quod
807 686 985 746 tanta
1061 700 1161 747 me
1215 682 1536 768 exceperit
1604 682 1899 748 comitate
1957 701 2035 747 ac
2089 679 2505 747 beneficentia
2567 688 2634 746 ut

271 782 561 866 quamvis
622 782 687 847 in
732 781 1110 847 contrariam
1156 782 1516 866 opinionem
1572 782 1728 847 mihi
1776 781 2124 848 discedenti
2168 802 2330 867 quae
2372 781 2473 847 vel
2521 781 2629 847 du-

266 884 379 948 bia
421 885 524 948 vel
568 882 734 948 falsa
776 882 1152 949 videbantur
1193 882 1519 965 indicaret,
1562 883 1687 948 hoc
1743 902 1993 966 quoque
2035 883 2176 949 loco
2218 885 2463 968 gratias
2506 902 2631 967 ago

260 977 461 1067 quam
482 983 836 1050 maximas.
1935 1052 1942 1063 ¹

435 1084 566 1149 Sed
622 1082 706 1148 ad
770 1083 1118 1149 institutam
1183 1082 1672 1169 disputationem
1733 1092 2139 1151 revertamur.
2235 1083 2371 1149 Iam
2425 1084 2632 1169 posito

266 1184 426 1268 quid
466 1184 585 1249 sibi
644 1184 798 1250 velit
853 1183 1185 1268 rhythmus
1244 1184 1328 1250 ad
1384 1184 1656 1269 episodii
1701 1186 1825 1251 vim
1868 1184 2292 1259 definiendam
2335 1204 2495 1269 opus
2539 1192 2636 1250 est

268 1293 689 1351 transeamus.
776 1287 982 1367 Atque
1027 1285 1399 1350 Aristoteles
1448 1285 1701 1367 quidem
1752 1287 1842 1351 ita
1886 1306 2025 1352 eam
2071 1286 2384 1372 expressit
2425 1292 2494 1350 ut
2539 1291 2631 1351 to-

269 1395 403 1452 tam
448 1385 765 1470 quandam
790 1385 1096 1451 dramatis
1143 1393 1385 1469 partem
1429 1385 1781 1471 episodium
1815 1386 2055 1452 diceret
2094 1386 2257 1452 inter
2290 1385 2413 1451 duo
2458 1386 2630 1452 chori

271 1487 556 1553 carmina
594 1480 975 1575 principalia
1017 1487 1471 1572 interpositam.
1543 1487 1724 1565 Quae
1768 1486 2019 1570 quidem
2065 1486 2344 1552 definitio
2387 1486 2632 1570 longio-

268 1608 405 1654 rem
460 1588 793 1655 desiderat.
841 1588 1360 1671 explicationem,
1424 1608 1548 1654 non
1613 1597 1743 1653 tam
1802 1587 1971 1671 quod
2038 1588 2292 1673 probari
2360 1593 2637 1671 nequeat

270 1688 720 1755 —rectissima
743 1694 839 1753 est
860 1726 939 1736 -
964 1708 1151 1771 quam
1179 1689 1329 1770 quia
1359 1688 1613 1754 chorica
1637 1708 1762 1753 non
1789 1688 1880 1753 ita
1904 1689 2089 1754 certis
2115 1688 2344 1753 finibus
2371 1689 2632 1755 circum-

272 1791 511 1874 scripta
555 1794 717 1855 sunt.
782 1789 1003 1872 Neque
1051 1789 1217 1854 enim
1260 1790 1416 1854 satis
1447 1797 1696 1854 constat
1737 1809 1899 1872 quae
1944 1796 2006 1854 et
2038 1789 2255 1872 qualia
2301 1790 2426 1854 sint
2469 1809 2633 1872 quae

273 1891 555 1957 carmina
608 1891 692 1955 ab
749 1890 1090 1956 Aristotele
1149 1909 1226 1956 eo
1294 1889 1546 1955 nomine
1614 1897 1994 1974 usurpantur
2060 1889 2336 1973 quidque
2390 1890 2635 1956 intersit

271 1993 436 2058 inter
476 2011 555 2057 ea
597 1996 660 2055 et
701 1990 813 2056 illa
869 1991 1153 2056 carmina
1209 2009 1373 2073 quae
1432 1990 1605 2055 chori
1665 1991 1911 2059 minora
1954 1989 2245 2057 videntur
2287 2011 2475 2076 posse
2520 2011 2629 2076 ap-

264 2092 499 2177 ·pellari
535 2098 597 2157 et
638 2090 1064 2157 dubitationes
1094 2091 1402 2156 exsistunt
1445 2111 1569 2156 non
1614 2093 1818 2157 solum
1860 2091 1967 2157 ubi
2011 2091 2318 2177 incipiant
2357 2091 2630 2172 chorica‚

271 2193 388 2259 sed
443 2192 633 2258 etiam
687 2192 793 2257 ubi
850 2190 1261 2257 claudantur.'
1325 2193 1536 2271 Quare
1593 2192 1687 2258 sic
1742 2194 2137 2258 instituemus
2194 2192 2522 2258 materiam
2566 2198 2634 2259 ut

270 2291 633 2377 uno'capite
677 2292 757 2358 de
785 2292 1167 2358 carminibus
1212 2292 1387 2359 chori
1418 2293 1876 2377 principalibus
1912 2293 2215 2375 dicamus,
2261 2295 2462 2359 altero
2507 2292 2631 2358 dis-

194 2474 205 2485 ι
272 2414 561 2461 seramus
615 2394 695 2460 de
739 2394 1025 2477 partibus
1084 2393 1541 2479 episodiorum‚
1606 2395 1791 2461 tertio
1847 2394 1928 2461 de
1976 2396 2344 2479 symmetria
2386 2395 2632 2460 drama·

265 2496 401 2561 >tica
440 2488 848 2580 disputemus.

467 2755 540 2820 c.
591 2738 657 2820 Ι.
711 2737 837 2820 De
888 2733 1424 2820 carminibus
1475 2698 1722 2816 chori
1777 2729 2439 2833 principalibus.

758 2921 769 2934 ·
844 2891 908 2984 ἓ.
969 2896 1028 2964 1.
1081 2882 1258 2964 De
1309 2881 1607 2963 exodi
1656 2880 2088 2959 notione.

438 3085 724 3152 Parodus
767 3086 1095 3152 stasimum
1138 3084 1379 3151 exodus
1415 3082 1768 3169 episodium
1813 3102 1951 3148 cum
1979 3082 2087 3148 vix
2118 3081 2376 3146 dubium
2417 3079 2631 3147 videa·

193 3244 200 3252 .
271 3192 373 3251 tur
431 3187 615 3269 quin*
645 3187 891 3252 termini
935 3186 1205 3253 technici
1266 3186 1526 3267 fuerint,
1593 3203 1782 3249 nemo
1837 3203 2082 3248 mecum
2133 3182 2506 3264 luctabitur,
2578 3181 2632 3245 si

269 3288 332 3351 in
362 3288 540 3372 poesi
570 3288 919 3353 dramatica
952 3287 1120 3353 idem
1150 3292 1358 3352 statuo
1390 3287 1626 3351 factum
1658 3304 1798 3349 esse
1823 3303 2013 3368 posse
2037 3289 2229 3365 atque
2272 3282 2336 3347 in
2366 3280 2632 3348 caeteris

272 3389 547 3467 artibus,
607 3387 766 3454 illud
821 3388 966 3453 dico
1026 3395 1092 3453 ut
1132 3388 1389 3453 nomina
1432 3385 1687 3470 quidem
1731 3375 1983 3449 vetusta
2026 3375 2468 3462 retinerentur,
2534 3383 2632 3448 vis
2729 3383 2737 3402 ⁸

272 3508 427 3554 vero
470 3508 683 3554 eorum
728 3496 790 3554 et
833 3489 1092 3554 effectus
1135 3489 1369 3554 sensim
1413 3487 1988 3573 pedetemptimque
2031 3486 2478 3549 immutaretur.
2558 3482 2634 3548 Id

273 3588 444 3673 quod
485 3610 633 3655 num
675 3609 744 3655 re
787 3609 939 3655 vera
963 3590 1200 3654 factum
1242 3590 1324 3654 sit
1367 3588 1843 3671 anquirentibus
1871 3585 2054 3651 nobis
2091 3586 2173 3650 ab
2217 3585 2422 3651 exodo
2454 3604 2631 3651 exor-

273 3689 396 3755 diri
441 3690 839 3755 utilissimum
896 3691 1097 3755 visum
1143 3695 1258 3755 est.
1344 3688 1630 3756 Exodum
1686 3689 1880 3772 igitur
1921 3687 2297 3753 Aristoteles
2365 3685 2630 3751 novissi-

210 3793 217 3796 ’
272 3812 439 3856 mam
507 3790 665 3855 dixit
706 3811 848 3856 esse
892 3789 1262 3873 tragoediae
1328 3798 1571 3875 partem
1615 3809 1803 3873 quam
1860 3809 1983 3853 non
2046 3793 2413 3870 sequeretur
2456 3785 2631 3852 chori

264 3891 814 3970 ‘canticquuam
872 3890 1294 3956 definitionem
1353 3889 1471 3956 etsi
1538 3911 1663 3956 non
1708 3897 1805 3956 est
1858 3910 1968 3956 cur
2008 3906 2313 3972 negemus
2355 3886 2632 3971 perbene

274 3993 588 4086 quadrare
632 3991 696 4056 in
742 3992 992 4057 fabulas
1035 3992 1426 4076 Sophocleas
1471 3996 1534 4057 et
1568 3990 1965 4075 Euripideas,
2011 3989 2182 4054 nullo
2225 3993 2436 4053 tamen
2482 4006 2630 4071 pac-

271 4101 336 4159 to
380 4114 518 4159 cum
566 4094 864 4178 Aeschyli
910 4093 1323 4180 Supplicibus
1358 4092 1571 4158 Persis
1617 4091 2067 4157 Eumenidibus
2118 4087 2446 4155 concinere
2491 4086 2630 4170 quis

254 4202 369 4268 ‚est
401 4195 551 4277 quin
580 4193 841 4264 videat?
909 4194 1096 4276 Atqui
1143 4193 1502 4279 excogitata
1546 4193 1628 4256 ab
1658 4193 2007 4278 ,Aristotele
2051 4191 2163 4256 illa
2205 4189 2462 4254 nomina
2504 4207 2629 4253 non

271 4302 537 4381 possunt
580 4295 807 4379 putari.
895 4296 987 4361 Eo
1013 4315 1186 4379 ‚ergo
1241 4293 1610 4359 adducimur
1653 4300 1721 4357 ut
1762 4294 1888 4357 vim
1946 4290 2135 4358 exodi
2193 4288 2631 4373 intragoedia

270 4416 505 4481 graeca
549 4395 939 4476 immutatam
970 4416 1112 4462 esse
1141 4395 1490 4472 credamus,
1534 4394 1658 4459 hoc
1700 4400 1797 4459 est
1836 4399 1905 4459 ut
1943 4392 2315 4475 tragoediae
2359 4389 2629 4456 exod'um

270 4517 474 4584 aeque
530 4504 722 4579 atque
785 4496 1152 4563 comoediae
1192 4495 1369 4562 chori
1431 4515 1683 4561 carmen
1728 4515 1769 4559 a
1807 4494 2116 4580 principio
2178 4492 2375 4557 fuisse
2418 4490 2629 4557 existi·
