3267 5450
682 504 768 571 42
1134 521 1183 561 c.
1222 508 1318 562 111.
1392 507 1477 562 De
1520 509 1845 580 symmetria
1882 509 2191 565 dramatica
2227 508 2568 582 Aeschylea.

821 672 924 737 IV.
973 674 1042 738 In
1098 675 1294 740 exodo
1345 676 1468 744 988
1490 696 1572 741 ss.
1641 678 1895 744 tandem
1962 678 2305 762 aliquando
2361 680 2676 743 inversam
2732 677 3054 742 cernimus

683 780 1074 838 structuram.
1175 776 1318 841 Duo
1374 778 1536 841 enim
1605 781 1837 844 adsunt
1892 782 1953 843 in
1989 779 2325 864 principio
2383 786 2661 861 actores,
2728 779 3052 863 Clytaem-

683 882 896 939 nestra
954 884 1016 939 et
1070 878 1356 959 quamvis
1412 887 1583 943 muta
1640 880 1969 944 Casandra
2026 878 2141 966 [2],
2200 881 2347 945 item
2395 879 2519 944 duo
2575 880 2638 943 in
2684 881 2855 965 01ςίῐο
2904 879 3052 964 Cly·

683 983 1065 1040 taemnestra
1111 984 1174 1042 et
1215 979 1558 1061 Aegisthus
1606 978 1714 1067 [2],
1760 981 1820 1044 in
1864 981 2091 1044 mediis
2136 1001 2286 1045 vero
2332 980 2581 1045 scaenis
2626 988 2688 1046 et
2715 980 3054 1044 Casandra

684 1072 767 1162 [1]
815 1084 878 1141 et
921 1077 1425 1176 Clytaemnestra
1479 1081 1618 1146 sola
1678 1081 1779 1169 [1]
1836 1084 1972 1165 agit
2033 1102 2172 1147 cum
2235 1080 2447 1146 choro,
2534 1081 2671 1145 Hoc
2714 1072 3054 1164 est-igitur

681 1178 1425 1260 personarumschema:
1672 1266 1713 1333 2
1781 1268 1816 1330 1
1899 1271 1913 1328 1
1989 1266 2028 1332 2

845 1487 903 1554 6.
952 1487 1364 1570 Choephoroe.
1428 1544 1441 1553 1

863 1588 908 1651 Ι.
953 1589 1323 1673 Episodium
1357 1593 1642 1672 primum
1683 1592 1765 1659 77
1786 1610 1870 1655 ss.
1951 1591 2023 1656 In
2069 1590 2377 1674 principio
2423 1592 2595 1656 solus
2638 1592 2703 1655 in
2747 1610 3047 1675 proscae-

681 1689 783 1752 nio
830 1688 1100 1753 cernitur
1135 1689 1390 1756 Orestes
1440 1689 1545 1778 [1],
1594 1711 1739 1755 nam
1783 1696 1977 1770 κῶφα
2022 1692 2352 1774 πρόσωπα
2399 1692 2500 1757 hic
2545 1699 2607 1757 et
2649 1693 2801 1756 alibi
2850 1681 3051 1756 missa

680 1788 971 1868 facimus,
1033 1790 1279 1856 aceedit
1332 1811 1552 1857 servus
1598 1791 1733 1877 [2]‚
1790 1792 1892 1876 qui
1949 1800 2281 1876 postquam
2339 1793 2496 1858 abiit
2539 1793 3050 1877 Clytaemnestra

679 1889 964 1972 procedit
1013 1889 1142 1977 [2];
1191 1899 1336 1975 post
1378 1893 1861 1957 interscaenium
1905 1892 2174 1975 denique
2219 1894 2426 1958 nutrix
2469 1897 2608 1960 sola
2651 1895 2713 1957 111
2746 1913 3047 1978 proscae-

676 1989 781 2054 nio
827 2000 1112 2056 versatur
1159 1991 1280 2078 [l].
1370 1993 1580 2071 Quare
1626 1992 1785 2057 haec
1829 1999 1926 2057 est
1968 2012 2378 2075 personarum
2424 1995 2825 2080 symmetria:

1678 2099 1711 2159 1
1740 2116 1755 2157 ε
1782 2094 1822 2159 2
1849 2116 1864 2157 z
1895 2094 1974 2158 2:
2004 2097 2057 2157 1.

1676 2176 2033 2319 1¹-¹1

840 2320 899 2386 7.
941 2317 1028 2383 In
1068 2317 1488 2385 Eumenidum

833 2421 1100 2504 proloqo
1126 2420 1391 2504 primum
1406 2420 1638 2504 Pythia
1661 2419 1799 2484 sola
1828 2420 2237 2503 conspicitur3
2282 2439 2444 2502 quae
2465 2419 2841 2502 simulatque
2866 2420 3044 2500 abiit,

608 2590 613 2595 ,
675 2518 800 2582 duo
867 2521 1215 2603 procedunt
1276 2536 1552 2600 actoreS,
1638 2519 1897 2585 Orestes
1965 2527 2028 2585 et
2080 2520 2310 2607 Apollo
2371 2517 2492 2608 [2],
2565 2538 2832 2605 quorum
2901 2529 3049 2606 post

676 2620 1024 2685 discessum
1068 2622 1290 2688 iterum
1337 2636 1494 2685 unus
1525 2629 1808 2685 versa-tur
1837 2628 2013 2685 actor
2039 2623 2100 2685 in
2133 2622 2339 2704 loge0,
2387 2620 2894 2705 Clytaemnestra
2927 2621 3046 2710 [1],

674 2720 766 2787 ita
809 2729 875 2787 ut
916 2721 1036 2787 hoc
1080 2722 1426 2789 habeamus
1469 2722 1753 2788 schema:
1844 2722 2099 2789 1:221.

1811 2806 1832 2888 (Ι
2088 2808 2096 2877 Ι

676 2994 743 3089 ἓ.
778 2999 843 3070 2.
899 2988 1075 3069 De
1127 2990 1720 3096 symmetria
1754 3017 2426 3093 personarum
2472 2987 3048 3069 secundum

1549 3106 2156 3210 qualitatem.

840 3276 1159 3362 Deinceps
1204 3277 1534 3343 dicendum
1582 3284 1679 3341 est
1721 3276 1800 3341 de
1845 3277 2214 3361 symmetria
2243 3295 2653 3360 personarum
2695 3276 3090 3341 secunduma

674 3377 1059 3461 qualitatem.
1150 3377 1330 3455 Quae
1395 3377 1455 3441 in
1515 3378 1637 3442 hoc
1702 3377 1851 3441 mihi
1921 3378 2130 3461 posita
2196 3398 2337 3442 esse
2406 3377 2651 3442 videtur
2712 3384 2781 3442 ut
2836 3378 2902 3441 in
2949 3378 3045 3441 eis

674 3477 941 3561 episodii
985 3493 1337 3543 scaenaeve
1385 3480 1672 3562 partibus
1715 3498 1873 3563 quas
1918 3479 2355 3543 concinnitatis
2411 3479 2592 3562 quasi
2638 3479 2887 3561 legibus
2933 3480 3046 3542 ob-

676 3579 927 3643 strictas
995 3581 1194 3643 voluit
1259 3590 1450 3663 poeta
1517 3580 1740 3644 eadem
1809 3579 2153 3643 eaedemve
2217 3585 2415 3661 agant
2474 3599 2803 3663 personae.
2901 3578 3048 3643 Hac

673 3679 1040 3764 symmetria
1085 3682 1258 3744 nulla
1304 3679 1365 3743 in
1412 3681 1643 3764 fabulis
1690 3680 2065 3762 Aeschyleis
2110 3680 2421 3743 invenitur
2465 3679 2767 3744 destituta
2808 3699 3046 3743 scaena

674 3801 1026 3846 scaenaeve
1057 3781 1388 3864 particula.
1444 3781 1653 3845 Tanta
1686 3787 1783 3845 est
1826 3779 2018 3862 igitur
2063 3782 2492 3863 exemplorum
2538 3782 2722 3867 copia
2764 3788 2832 3844 ut
2875 3799 3046 3844 eom-

674 3882 1066 3965 pendiariam
1112 3884 1403 3964 persequi
1451 3901 1485 3946 e
1527 3902 1594 3945 re
1641 3900 1781 3945 esse
1839 3881 2143 3945 videatur.
2215 3880 2636 3958 Quamobrem
2681 3882 2745 3944 in
2791 3900 3045 3945 enume-

672 3982 888 4046 randis
934 3983 1240 4066 exemplis
1283 3984 1374 4047 ita
1421 3982 1721 4047 versabor
1765 3987 1832 4045 ut
1875 3982 2028 4045 solis
2082 3980 2439 4047 nominibus
2482 3980 2835 4064 significem
2880 4000 3046 4064 quae

673 4103 813 4167 quo·
841 4084 1058 4148 ordine
1102 4084 1166 4147 in
1207 4103 1580 4166 unaquaque
1625 4101 1861 4146 scaena
1904 4089 2103 4164 agant
2147 4101 2478 4166 personae.
2537 4082 2607 4146 Si
2650 4082 2843 4164 igitur
2889 4081 3048 4146 scri-

674 4184 819 4249 bam
896 4184 1230 4264 „Atossa“,
1320 4184 1484 4248 hanc
1562 4184 1764 4247 solam
1836 4182 2006 4266 loqui
2072 4182 2340 4265 intelligi
2400 4184 2576 4264 volo,
2635 4182 2688 4246 si
2757 4182 3048 4262 „Dareus

672 4288 969 4364 Atossa“,
1014 4284 1105 4348 ita
1148 4303 1340 4365 agere
1385 4284 1503 4348 hos
1546 4284 1707 4348 duos
1751 4290 1998 4348 actores
2029 4289 2096 4347 ut
2129 4283 2376 4347 Dareus
2420 4283 2730 4348 actionem
2763 4283 3049 4367 incipiat,

673 4384 1007 4451 concludat
1033 4385 1284 4465 Atossa,
1331 4385 1383 4448 si
1429 4384 1714 4466 „Dareus
1764 4383 1991 4448 chorus
2039 4383 2347 4465 Dareus“‚
2394 4383 2687 4466 colloquii
2732 4384 2946 4467 prima
2990 4391 3053 4449 et

675 4486 897 4556 ultima
938 4485 1136 4550 verba
1180 4483 1391 4550 facere
1421 4485 1721 4567 Dareum,
1763 4484 1817 4548 si
1864 4483 2246 4567 „Aegisthus
2274 4484 2503 4566 chorus
2537 4483 3054 4567 Clytaemnestra
