3267 5450
669 517 753 583 18
1341 533 1390 573 c.
1428 519 1483 576 2.
1556 517 1652 579 De,
1678 515 1937 589 partibus
1971 516 2366 587 episodiorum.

667 690 1046 769 canuntur,·
1087 684 1365 751 animum
1431 687 1604 771 regis
1671 687 1907 753 multae
1972 689 2370 752 commovent
2442 684 3039 767 commentationes3

666 786 956 853 subsistit
994 785 1188 870 igitur
1232 787 1557 870 paululum
1605 786 1772 852 actio
1820 786 2135 851 scaenica.
2221 784 2617 867 Quamquam
2674 804 2821 850 num
2866 790 3039 851 recte

667 888 790 961 hoc
835 907 1088 959 carmen
1133 887 1413 952 vocarim
1456 886 1944 952 interscaenium
1991 885 2279 950 dubitare
2322 904 2422 949 me
2466 883 2787 953 confiteor.

833 1004 891 1070 3.
935 1003 1316 1086 Supplicum
1348 1003 1715 1072 933—946:
1758 1002 2092 1068 duodecim
2127 1002 2374 1067 dimetri
2405 1008 2467 1066 et
2504 1001 2628 1066 duo
2660 1002 3037 1068 monometri

669 1105 1089 1188 anapaestici:
1154 1111 1492 1187 postquam
1558 1104 1695 1187 regi
1740 1103 1994 1168 abeunti
2051 1103 2294 1186 gratias
2352 1109 2617 1184 egerunt
2672 1102 3037 1184 choreutae,

670 1204 940 1269 ancillas
985 1203 1396 1271 exhortantur
1437 1209 1506 1268 ut
1547 1224 1617 1270 se
1665 1203 1997 1269 collocent.
2081 1201 2261 1280 Quae
2327 1201 2474 1267 dum
2530 1201 2715 1284 fiunt,
2779 1203 3035 1286 logeum

667 1323 936 1370 vacuum
1002 1308 1100 1373 est
1157 1303 1511 1384 actoribu83
1579 1303 1963 1369 discesserat
2007 1304 2173 1369 enim
2218 1304 2300 1367 ab
2345 1321 2422 1368 eo
2465 1323 2579 1367 rex
2620 1301 2889 1367 necdum
2937 1323 3035 1368 re-

670 1403 878 1469 dierat
917 1403 1205 1484 Danaus.
1288 1403 1613 1469 Habemus
1667 1404 1860 1488 igitur
1903 1423 2143 1468 merum
2186 1402 2669 1468 interscaenium
2715 1401 2798 1466 ad
2842 1402 3039 1467 vestis

670 1505 1078 1571 mutationem
1114 1502 1515 1569 instructam.
2781 1527 2788 1532 ·

831 1621 891 1688 4.
975 1621 1340 1707 Aqamemn.
1392 1620 1835 1688 1285—1325:
1906 1619 2196 1686 undecim
2259 1619 2508 1686 dimetri
2566 1625 2628 1683 et
2682 1637 2845 1684 unus
2903 1637 3037 1683 mo·

668 1728 953 1790 nometer
995 1723 1433 1805 anapaesticus
1488 1728 1551 1786 et
1594 1721 2046 1795 amoebaeum:
2117 1720 2514 1801 Casandram
2570 1720 2765 1784 aedes
2826 1719 3038 1802 ingre·

670 1823 944 1889 dientem
988 1821 1276 1888 versibus
1322 1820 1752 1906 anapaesticis
1798 1822 2197 1913 prosequitur
2250 1822 2431 1887 chori
2483 1821 2641 1895 dux,
2714 1819 2823 1884 ubi
2885 1839 3040 1884 vero

671 1924 1215 2008 Agamemnonem
1260 1921 1656 1987 vulneratum
1700 1921 2077 1987 audiverunt
2118 1921 2457 1987 choreutae
2490 1921 2849 2003 eiulantem,
2889 1918 3045 2003 quid

671 2021 1030 2088 faciendum
1073 2021 1365 2088 videatur
1406 2022 1527 2087 sibi
1572 2021 1837 2106 quisque
1882 2022 2305 2105 pronuntiant.
2373 2022 2593 2104 Itaque
2636 2020 2744 2084 vix
2786 2039 3043 2086 cessare

671 2122 923 2188 videtur
965 2121 1164 2204 acti03
1211 2129 1273 2187 et
1314 2123 1612 2205 quoniam
1658 2121 1866 2186 nullus
1910 2121 1976 2186 in
2019 2123 2208 2206 logeo
2252 2128 2541 2188 versatur
2585 2126 2789 2201 actor,
2847 2120 3041 2185 inter·
3143 2196 3150 2202 ο

672 2223 1005 2325 scaenium
1040 2228 1319 2288 statuere
1366 2239 1551 2286 nemo
1596 2221 1931 2288 dubitabit.

837 2341 896 2406 5.
986 2336 1329 2424 Choepkor.
1369 2339 1736 2408 700-710:
1781 2338 2002 2404 decem
2048 2339 2295 2404 dimetri
2340 2345 2404 2404 et
2448 2358 2608 2404 unus
2651 2343 3047 2403 monometcr

674 2441 1144 2524 anapaesticus:
1190 2446 1525 2523 postquam
1561 2439 1816 2505 domum
1858 2440 2252 2505 intraverunt
2273 2437 2534 2505 Orestes
2559 2444 2623 2503 et
2640 2437 3043 2522 Clytaemne-

673 2547 835 2621 stra,
891 2558 1010 2622 pro
1050 2539 1221 2605 illius
1266 2540 1471 2605 salute
1513 2545 1854 2623 precantur
1896 2539 2257 2625 choreutae.
2343 2540 2426 2605 Et
2464 2539 2582 2603 hos
2626 2557 2845 2603 versus
2886 2556 3045 2602 ana-

672 2639 994 2724 paesticos
1022 2643 1085 2702 et
1115 2639 1263 2705 illos
1307 2638 1387 2704 de
1415 2639 1642 2724 quibus
1689 2639 1983 2705 continuo
2026 2640 2271 2705 dicetur
2302 2639 2536 2725 quippe
2570 2638 2828 2704 auribus
2872 2644 3048 2703 acto-

672 2761 808 2806 rum
878 2739 1134 2805 minime
1189 2740 1543 2806 destinatos
1602 2759 1760 2805 cave
1805 2760 1884 2805 ne
1929 2740 2013 2806 ad
2059 2760 2351 2824 gressum
2395 2741 2770 2806 histrionum
2817 2738 3047 2806 credas

674 2841 1035 2924 adaptatos.
1138 2839 1419 2924 Cumque
1474 2840 1919 2924 proscaenium
1975 2840 2296 2907 actoribus
2354 2861 2618 2908 vacuum
2669 2840 2785 2924 sit,
2851 2840 3046 2924 inter·

674 2941 1000 3007 scaenium
1042 2940 1291 3005 videtur
1335 2940 1832 3023 agnoscendum.

842 3048 902 3126 6.
955 3056 1299 3141 Ohoepltor.
1319 3058 1509 3124 848-
1551 3058 1710 3126 867.
1758 3058 2152 3142 anapaestici
2177 3055 2480 3124 tredecim
2509 3056 2759 3123 dimetri
2795 3063 2859 3123 et
2883 3075 3048 3122 unus

677 3164 1070 3224 monometer
1138 3164 1202 3224 et
1260 3159 1535 3242 quinque
1582 3177 1805 3224 versus
1847 3157 2103 3224 iambici
2175 3161 2331 3240 (tres
2378 3158 2704 3238 trimetri).
2769 3158 2878 3223 ubi
2921 3158 3045 3223 Ae

673 3259 952 3342 gisthus,
1009 3258 1117 3343 qui
1171 3258 1345 3323 solus
1401 3264 1657 3342 egerat,
1722 3279 1763 3323 a
1804 3276 2041 3324 scaena
2093 3257 2417 3340 discessit,
2474 3258 2814 3325 choreutae
2874 3276 3048 3324 com-

674 3358 828 3424 moti
885 3363 1072 3441 atque
1134 3357 1502 3441 perturbati·
1539 3358 1872 3423 victoriam
1925 3365 2262 3442 precantur
2318 3357 2560 3441 Oresti,
2618 3359 2835 3424 audito
2890 3376 3047 3424 vero

673 3458 917 3524 ululatu
980 3456 1257 3523 nondum
1318 3458 1618 3523 certiores
1683 3458 1836 3523 facti
1891 3463 2098 3523 utrum
2142 3457 2402 3525 Orestes
2464 3478 2547 3523 an
2592 3459 2936 3542 Aegisthus
2979 3458 3047 3523 in

674 3558 1017 3624 certamine
1059 3557 1460 3623 succubuerit
1501 3566 1570 3624 ut
1625 3556 1929 3624 recedant
1970 3557 2341 3658 paulisper
2353 3560 2435 3625 ab
2496 3559 2762 3624 aedibus
2806 3577 2877 3625 se
2918 3558 3047 3644 ipsi

676 3656 1041 3724 admonent.
1113 3656 1457 3723 Consimile
1502 3678 1657 3741 ergo
1693 3657 2200 3752 Agamemnonis
2234 3634 2358 3724 hoc
2400 3665 2498 3725 est
2536 3659 3046 3746 interscaenium,

673 3758 796 3824 nisi
820 3756 1039 3841 quod
1021 3778 1086 3822 m
1118 3758 1230 3824 illo
1277 3759 1566 3824 versibus
1593 3757 2027 3841 anapaesticis
2062 3741 2293 3825 chorus
2334 3760 2674 3826 abeuntem
2717 3758 3045 3846 prosequi-

675 3865 776 3924 tur
818 3865 1119 3939 actorem,
1161 3857 1227 3923 in
1273 3859 1395 3925 hoc
1435 3878 1563 3924 non
1604 3859 2027 3943 prosequitur.

1335 4043 1400 4108 Β.
1462 4041 1828 4125 Sophocles.
1876 4040 2007 4125 (ed.
2050 4040 2379 4126 Dindorf.)

843 4173 902 4238 1.
943 4172 1164 4239 Aiacis
1197 4173 1320 4243 693
1344 4173 1555 4240 —7182
1602 4178 1750 4242 aa‘:
1795 4181 2136 4259 postquam·
2174 4178 2347 4242 solus
2391 4177 2637 4245 locutus
2678 4175 2836 4242 abiit
2858 4173 3046 4257 Aiax,

676 4272 1134 4340 bacchantibus
1155 4273 1383 4344 similis
1410 4279 1626 4358 cantat
1666 4275 1983 4359 saltatque
2027 4276 2256 4343 chorus
2287 4276 2807 4362 tranquillitatem
2852 4275 3049 4341 animi

675 4394 803 4440 nen
850 4372 1209 4439 adsecutus.
1264 4371 1477 4450 Quare
1509 4373 1592 4441 de
1617 4375 1881 4443 stasimo
1908 4377 2345 4443 constituendo
2369 4397 2494 4443 non
2523 4383 2734 4462 potest
2755 4375 3050 4460 cogitari,

675 4473 928 4549 tametsi
972 4473 1266 4540 omnibus
1309 4474 1600 4559 personis
1645 4465 1850 4543 vacua
1892 4495 2129 4544 scaena
2171 4483 2284 4544 est.
2372 4478 2572 4544 Aliter
2614 4477 2670 4544 si
2710 4476 3058 4562 iudicares,
