3267 5450
611 504 662 566 §-
699 501 752 556 2.
827 499 914 558 Dc
948 501 1301 573 interloquiis
1339 501 1665 576 Aeschyleis
1703 508 1761 560 et
1798 492 2152 574 Sophocleis.
2487 502 2574 572 23

205 664 366 732 'Pi-es
409 673 555 732 sunt
594 667 787 750 igitur
828 688 1104 735 scaenae
1147 670 1517 755 particulae,
1562 670 1644 735 ab
1689 670 1893 736 altera
1932 671 2120 737 tertia
2164 666 2340 738 chori
2382 673 2574 741 inter·

205 767 421 851 loquio
464 778 725 833 semota.

371 866 471 937 22.
561 868 782 949 Oedipi
818 872 986 954 reqis
1022 871 1386 938 404-407.
1443 873 1747 935 trimetri.-
1807 876 1954 954 post
1995 870 2288 937 Creontis
2345 873 2575 940 oratio-

205 986 352 1032 nem
406 976 734 1051 utrumque
778 978 1055 1037 actorem
1100 972 1417 1056 vituperat
1459 971 1689 1037 chorus
1733 969 1903 1077 quod
1946 971 2141 1035 animi
2186 971 2424 1056 impetu
2465 975 2576 1040 ab·

204 1074 422 1151 reptus
464 1069 712 1136 dixerit.

370 1169 471 1236 23.
559 1169 784 1250 Oedipi
833 1172 1005 1264 reqis
1047 1170 1248 1238 61683
1306 1172 1612 1235 trimetri:
1666 1176 1813 1254 post
1870 1170 2161 1236 Creontis
2224 1172 2575 1240 orationem

135 1300 138 1302 v
210 1287 428 1351 regem
488 1269 848 1353 adloquitur
891 1270 1119 1336 chorus
1153 1279 1425 1354 oratque
1480 1289 1559 1334 ne
1617 1276 1980 1335 contemnat
2030 1290 2193 1354 quae
2236 1272 2580 1357 prudenter

205 1368 438 1433 dixerit
483 1369 720 1437 Creon:
785 1371 999 1448 καλῶς
1059 1368 1282 1448 ἔλεξεν
1331 1367 1803 1460 ευλαβουμένῳ
1866 1378 2140 1450 πεσεῖν,
2205 1373 2398 1451 ἄναξ·
2440 1375 2577 1442 κτλ.

206 1469 352 1546 Quo
394 1468 816 1535 interscaenio
861 1470 1077 1535 nescio
1121 1490 1204 1535 an
1248 1477 1555 1547 secretam
1600 1471 1872 1535 voluerit
1913 1490 2214 1536 scaenam
2259 1479 2472 1556 poeta.

246 1590 253 1599 ·
374 1570 476 1636 24.
565 1570 796 1652 Oedipi
837 1573 1007 1656 reyis
1058 1570 1261 1638 83483
1329 1573 1639 1635 trimetri.
1716 1576 1863 1653 post
1926 1571 2275 1641 orationem
2342 1571 2575 1696 Oedipi

206 1675 425 1752 reg'em
472 1670 835 1736 consolatur
879 1671 1141 1737 chorus:
1201 1667 1357 1757 ἡμῖν
1394 1695 1542 1754 μεν,
1589 1668 1797 1749 ὦναξ,
1838 1669 2023 1738 ταῦτ’
2053 1667 2337 1762 ὀκνήρῆ
2373 1721 2389 1738 .
2423 1725 2437 1739 .
2482 1669 2575 1757 ἔχ’

104 1884 113 1892 ,
202 1763 506 1936 aasz}
567 1868 967 1934 Trachiam.
993 1870 1111 1937 291
1128 1889 1193 1934 s.
1239 1871 1543 1934 trimetri:
1584 1876 1731 1952 post
1758 1868 1997 1934 Lmhae
2019 1869 2369 1938 ommonem
2394 1890 2574 1956 Μ’

114 2030 119 2031 ff
203 1968 452 2053 phaeus
496 1968 688 2035 haec:
723 1970 1031 2049 Ιὀίνασσα,
1074 1976 1197 2037 νῦν
1242 1991 1349 2036 σοι
1389 1972 1626 2054 τέρψις
1670 1967 1972 2056 ἕμφανῆς
2011 1976 2201 2055 κυρεῖ
2234 1972 2368 2039 κτλ

373 2069 476 2136 26.
567 2069 960 2137 Trachiniar.
1005 2072 1204 2139 47083
1272 2072 1577 2135 trimetri.
1643 2074 1787 2156 post
1830 2069 2176 2136 Deianirae
2231 2072 2579 2140 orationem

105 2167 112 2172 “
201 2167 468 2234 Licham
526 2168 827 2238 admonet
889 2171 1118 2236 chorus
1178 2178 1248 2275 ut
1303 2170 1472 2236 dicto
1525 2169 1792 2235 audiens
1852 2170 1962 2236 sit:
2029 2175 2245 2238 πιθοῦ
2290 2173 2576 2264 λεγούσῃ

199 2269 487 2436 χρησὲξ.
499 2270 969 2436 nss'rachiniar.
995 2371 1196 2438 81383
1241 2373 1546 2436 trimetri.-
1587 2375 1734 2454 post
1756 2369 1934 2455 Hylli
1965 2370 2316 2436 orationem
2338 2372 2577 2438 abeun-

202 2473 330 2532 tem
397 2469 715 2553 vituperat
775 2470 1003 2535 chorus
1064 2470 1466 2536 Deianiram:
1531 2476 1602 2536 τί
1641 2469 1756 2553 σῖγ’
1810 2468 2176 2556 α’φέρπειςς
2219 2472 2350 2539 κτλ.
2434 2471 2575 2549 Quo
2697 2516 2720 2523 -

200 2562 633 2635 interscaenio
679 2589 953 2635 scaenae
997 2571 1373 2655 particulam
1420 2570 1630 2636 claudi
1675 2572 1784 2636 vix
1848 2571 2279 2637 necessarium
2324 2571 2577 2637 videtur

201 2689 580 2736 memorare.
1949 2700 1953 2704 ·

370 2771 474 2838 28.
566 2770 970 2836 Trachiniar.
1016 2772 1252 2839 104483
1324 2774 1628 2837 trimetri:
1671 2778 1820 2855 post
1861 2778 2114 2837 cantum
2157 2771 2450 2837 Herculis
2494 2772 2577 2837 ob

199 2867 462 2935 dolores
488 2870 821 2940 dominum
840 2873 1319 2938 commiseratur
1345 2873 1519 2939 chori
1566 2872 1733 2937 dux:
1777 2867 2047 2940 κλύουσ’
2091 2868 2335 2957 ἔφριξα
2366 2871 2581 2939 τάσδε

199 2970 586 3054 συμφορὰς,
632 2971 855 3056 φίλαι,
903 2970 1189 3048 ἄνακτος
1230 2974 1363 3039 κτλ.
1424 2973 1674 3038 Novam
1717 2991 1989 3038 scaenae
2034 2972 2421 3062 particulam
2457 2971 2579 3038 hoc

197 3068 583 3153 interloquio
628 3070 908 3155 incipere
954 3072 1146 3136 etiam
1191 3072 1374 3136 metri
1418 3072 1853 3138 immutatione
1896 3071 2231 3137 indicatur.

369 3170 472 3237 29.
567 3170 969 3236 Trachiniar.
1015 3172 1254 3240 1112s:
1322 3176 1629 3238 trimetri:
1691 3179 1840 3258 post
1894 3172 2243 3239 orationem
2287 3171 2580 3237 Herculis

200 3270 544 3336 Graeciam
602 3272 880 3354 queritur
945 3272 1174 3337 chorus
1217 3273 1490 3338 Hercule
1556 3281 1803 3339 mortuo
1869 3274 1933 3337 in
1998 3271 2251 3357 magnis
2307 3272 2580 3338 luctibus

196 3370 478 3435 futuram
493 3357 524 3433 3’
553 3368 604 3435 ὦ
647 3373 893 3456 τλῆμον
925 3367 1179 3451 Ἑλλὰς,
1223 3377 1480 3452 πένθος
1521 3373 1670 3441 οἷον
1712 3371 1957 3458 εἰσορῶ
1995 3376 2125 3441 κτλ.
2189 3372 2356 3450 Quia
2389 3372 2578 3437 inter·

196 3470 395 3556 positi
441 3478 586 3535 sunt
629 3470 693 3534 hi
723 3472 1020 3537 versiculi
1066 3473 1229 3537 inter
1252 3473 1544 3538 Herculis
1586 3474 2072 3539 lamentationes
2104 3479 2168 3538 et
2196 3472 2578 3556 colloquium

197 3570 372 3654 quod
418 3571 724 3654 sequitur,
784 3571 866 3637 ad
922 3571 1376 3637 secernendum
1434 3579 1703 3658 apparet
1745 3574 2188 3659 interloquium
2233 3572 2390 3640 illud
2434 3591 2578 3639 esse

196 3670 595 3756 adaptatum.
804 3717 810 3722 -
2060 3709 2065 3714 ·

365 3770 469 3837 30.
557 3769 940 3836 Philoctetae
980 3772 1177 3839 31783
1222 3774 1530 3838 trimetri.-
1585 3780 1733 3858 post
1787 3772 2138 3839 orationem
2181 3773 2577 3839 Philoctetae

197 3871 523 3936 fortunam
579 3871 715 3936 eius
780 3872 1115 3937 miseratur
1170 3872 1430 3939 chorus:
1500 3870 1690 3940 ἔοικα
1748 3869 1930 3956 κάγώ
1987 3881 2127 3949 τοῖς
2180 3869 2578 3958 ἀφιγμένοις

196 3970 319 4036 ἴσα
364 3974 584 4049 ξένοις
627 3968 1065 4056 ἕποικτείρειν
1107 3991 1189 4039 σε
1231 3974 1363 4038 κτλ.

366 4070 472 4138 31.
561 4069 944 4137 Philoctetae
988 4072 1219 4140 391ss:
1264 4072 1523 4156 stropha
1567 4094 1649 4137 α.·
1716 4078 1859 4156 post
1904 4071 2253 4137 orationem
2295 4071 2572 4164 Neopto·

195 4170 346 4235 lemi
392 4170 713 4260 Tellurem
755 4171 1013 4237 invocat
1047 4171 1275 4237 chorus
1321 4179 1388 4238 ut
1430 4172 1749 4238 dominum
1790 4190 1970 4236 suum
2014 4172 2383 4237 ulciscatur:
2430 4168 2573 4256 ὄρε-

197 4274 408 4356 στέρα
450 4276 765 4355 παμβῶτι
805 4278 927 4350 Γᾶ,
969 4273 1100 4339 κτλ.

364 4371 472 4437 32.
557 4369 939 4437 Philoctetae
980 4373 1102 4439 507
1117 4391 1216 4437 883
1259 4372 1654 4456 antistropha
1697 4374 1803 4436 a‘:
1844 4377 1990 4455 post
2032 4371 2381 4435 orationem
2426 4371 2574 4435 Phi-

195 4469 477 4536 loctetae
519 4468 777 4537 domino
820 4491 936 4536 suo
981 4473 1300 4557 supplicat
1360 4473 1588 4539 chorus
1631 4478 1701 4538 ut
1742 4471 1997 4537 domum
2041 4471 2219 4537 illum
2262 4471 2571 4537 deducat:
