3267 5450
651 519 701 582 ἓ.
741 519 790 572 4.
869 515 954 572 De
991 516 1214 572 scaenis
1252 529 1693 585 scaenai-umque
1734 496 2043 584 particulis.
2430 512 2512 581 35
2597 556 2600 557 ν

171 684 349 749 culas
394 686 835 767 complectens.
904 684 1191 767 Namque
1234 684 1550 748 orationes
1589 682 1945 748 Promethei
1992 690 2053 749 et
2096 682 2335 748 Oceani
2379 704 2517 768 pro-

173 785 399 864 oemio,
446 780 613 866 quo‘d
646 787 930 849 versibus
977 785 1400 868 anapaesticis
1446 786 1525 847 ab
1572 782 1830 848 Oceano
1872 784 2289 866 pronuntiatis
2334 782 2521 849 confi-

171 885 348 964 citur,
395 895 458 948 et
501 886 753 967 epilogo
798 893 1113 967 tamquam
1159 884 1641 966 stichomythico
1684 891 1828 947 sunt
1873 884 2315 949 circumdatae.
2586 934 2594 941 .

335 985 414 1049 ΙΙ.
478 985 848 1067 Episodium
873 985 1205 1048 secundum
1227 985 1555 1050 438—527
1588 1004 1668 1053 ex
1702 984 2016 1099 colloqui-o
2055 986 2341 1049 consistit
2363 985 2521 1049 ·-Pro
2598 987 2601 990 ’

44 1177 51 1183 ’
169 1186 396 1250 ticulas
442 1187 630 1265 duaS,
678 1206 937 1269 quarum
985 1187 1185 1250 altera
1228 1186 1721 1269 comprehendat
1764 1186 2080 1251 orationes
2125 1188 2387 1268 actone,
2434 1187 2523 1250 al

170 1294 311 1351 tera
343 1287 866 1370 stichomythiam
915 1286 1238 1368 quaternis
1282 1286 1455 1352 chori
1501 1287 1786 1352 versibus
1825 1278 2152 1352 inclusam.

336 1387 449 1450 ΙΙΙ.
537 1387 907 1469 Episodium
949 1389 1199 1451 tertium
1241 1387 1571 1454 554—844
1617 1396 1713 1452 est
1756 1407 1881 1451 una
1925 1406 2160 1453 scaena
2202 1387 2525 1470 generalis

170 1488 463 1552 versibus
509 1488 932 1573 anapaesticis
1005 1488 1085 1552 ab
1144 1487 1214 1551 Io
1271 1488 1552 1552 recitatis
1595 1487 1872 1552 definita.
1960 1484 2226 1570 Reliqua
2270 1507 2417 1570 pars
2458 1484 2525 1551 in
2563 1478 2566 1485 ’

172 1591 446 1671 quinque
491 1589 833 1673 particulas
896 1588 1103 1653 divisa
1146 1595 1274 1652 est:
1338 1609 1468 1652 una
1513 1588 1789 1673 strophis
1834 1590 2182 1654 continetur
2224 1592 2348 1671 Ius,
2394 1589 2527 1670 qui-

170 1690 288 1753 bus
333 1688 618 1771 quaterni
663 1689 1020 1753 Promethei
1064 1700 1283 1753 versus
1328 1688 1555 1753 adiecti
1599 1696 1772 1770 sunt,
1835 1690 2040 1753 altera
2082 1682 2557 1773 stichomythia'

172 1796 485 1869 actorum,
551 1793 736 1853 tertia
779 1788 1167 1854 orationibus
1208 1790 1546 1853 eorundem
1590 1798 1654 1854 et
1693 1797 1879 1855 cantu
1929 1784 2123 1870 chori,
2167 1796 2394 1874 quarta
2437 1791 2524 1854 al·
2569 1778 2572 1781 ¹

171 1898 311 1955 tera
356 1901 634 1955 actorum
680 1890 1189 1973 stichomythia‚
1230 1891 1448 1974 quinta
1493 1890 1588 1954 bis
1645 1891 1967 1971 quaternis
2016 1890 2304 1965 versibus
2350 1890 2523 1955 chori

173 1999 234 2055 et
252 1991 526 2055 duabus
569 1991 959 2055 orationibus
1003 1986 1378 2055 Promethei.

342 2091 446 2156 lV.
531 2091 791 2156 Emodus
833 2091 1205 2159 eos—1094
1263 2091 1409 2156 item
1458 2111 1644 2156 unam
1690 2091 1883 2157 habet
1924 2111 2220 2156 scaenam
2264 2110 2527 2174 genera·

173 2194 293 2256 lem
356 2193 416 2256 in
475 2199 600 2257 tres
668 2193 1016 2274 peculiares
1073 2188 1496 2270 distributam,
1566 2212 1861 2275 quarum·
1881 2195 2102 2273 prima
2143 2229 2221 2240 --
2285 2192 2408 2260 942
2451 2211 2531 2255 ex
2652 2197 2659 2204 '

174 2292 490 2375 colloquio
536 2300 834 2357 constans
878 2292 1238 2369 Promethei
1283 2312 1422 2356 cum
1466 2294 1659 2357 choro
1704 2313 1744 2357 a
1787 2292 2065 2358 secunda
2106 2293 2253 2358 novi
2300 2290 2532 2356 actoris

172 2392 430 2457 introitu
470 2393 866 2473 secernitur3
932 2393 1207 2457 secunda
1249 2393 1545 2462 —01034
1597 2413 1761 2477 quae
1816 2393 2126 2476 colloquio
2182 2394 2533 2458 continetur

174 2493 466 2557 Mercurii
512 2503 574 2557 et
598 2493 952 2558 Promethei
998 2514 1037 2557 a
1080 2496 1267 2558 tertia
1310 2514 1432 2558 non
1483 2495 1684 2559 solum
1729 2494 1901 2558 chori
1947 2494 2324 2578 interloquio
2373 2495 2530 2574 (4.)‚

172 2614 392 2659 verum
436 2594 622 2657 etiam
668 2596 849 2658 metri
904 2595 1368 2660 immutatione:
1439 2615 1517 2657 ex
1561 2595 1848 2659 versibus
1895 2595 2057 2659 enim
2104 2593 2531 2680 anapaesticis

175 2696 526 2779 composita
576 2702 703 2776 est·
748 2697 935 2760 tertia
976 2732 1055 2742 —
1101 2694 1262 2762 1094
1306 2695 1589 2760 discessu
1615 2694 1907 2762 Mercurii
1951 2696 2013 2760 in
2058 2696 2219 2761 duas
2261 2696 2532 2796 particu-

173 2798 270 2862 las
316 2797 542 2862 divisa.

337 2900 398 2963 5.
480 2898 881 2982 Ayamemm.

293 2998 411 3064 In
444 2999 713 3083 proloyo
759 2997 959 3064 1—-39
1001 2975 1212 3061 custos
1258 2996 1431 3061 solus
1476 2996 1761 3078 loquitur.
1853 3027 1864 3032 ἢ

238 3145 243 3154 ff
338 3099 396 3165 Ι..
472 3099 843 3181 Episodium
876 3101 1157 3182 primum
1199 3097 1379 3163 245-
1386 3098 1528 3163 353
1591 3118 1670 3163 ex
1712 3100 2024 3181 colloquio
2069 3104 2316 3162 constat
2359 3096 2533 3162 chori

173 3207 235 3264 et
277 3201 854 3283 Clytaeninestrae,
918 3218 1080 3281 quae
1125 3199 1247 3264 ‘245
1291 3199 1354 3261 in
1399 3200 1652 3281 logeum
1695 3199 2012 3284 procedit:
2080 3198 2530 3263 cf.>Wecklein
2637 3224 2640 3228 ·

172 3300 439 3366 Studien
481 3301 621 3381 995,
667 3301 871 3383 deque
916 3319 992 3364 eo
1035 3298 1305 3363 discedit
1348 3299 1663 3381 colloquio
1716 3299 1891 3364 finito
1939 3307 2001 3364 et
2042 3300 2205 3364 redit
2246 3300 2401 3366 565:
2446 3298 2526 3363 cf.

172 3400 496 3464 Hermann
564 3402 822 3465 Donner
897 3400 1138 3483 Enger3
1223 3398 1404 3464 aliter
1460 3399 1784 3464 ¹iudicavit
1846 3400 2253 3465 Schoenborn
2320 3400 2534 3465 Skene

172 3501 295 3567 160
319 3520 440 3578 ss.‚
507 3521 703 3582 quem·
737 3501 916 3584 sequi
961 3502 1136 3565 soleo
1182 3501 1324 3565 aliis
1368 3520 1490 3565 non
1535 3500 1828 3566 laudatis
1917 3501 2176 3588 Conexa
2229 3506 2327 3566 est
2368 3500 2533 3565 actio

173 3600 481 3666 scaenica-
545 3622 683 3668 cum
750 3600 1013 3667 stasimo
1083 3603 1249 3684 quod
1326 3603 1606 3684 sequitur
1677 3601 2113 3700 coniunctione
2185 3600 2536 3666 dramatica

336 3803 420 3866 ΙΙ.
508 3802 881 3888 Episodium
924 3804 1259 3869 secundum
1312 3802 1676 3884 467—658,
1745 3802 1829 3867 ad
1884 3802 2052 3886 quod
2108 3803 2409 3868 transitus
2466 3801 2536 3868 fit

175 3904 613 3968 coniunctione
677 3905 1028 3970 dramatica
1097 3907 1205 3981 (A.
1254 3908 1385 3986 5.),
1454 3925 1642 3968 unam
1712 3903 2186 3988 comprehendit
2237 3924 2533 3969 scaenam

175 4024 478 4088 processu
541 4012 607 4082 et
669 4005 954 4070 discessu
1021 4004 1564 4089 Clytaemnestrae
1652 4005 1716 4069 in
1791 4013 1917 4069 tres
1990 4007 2334 4089 particulas
2406 4006 2531 4070 dis-

171 4107 489 4170 tributam.

336 4205 454 4270 111.
539 4204 909 4290 Fmisodium
954 4208 1204 4270 terti-um
1246 4206 1607 4288 747—938,
1672 4208 1846 4273 cuius
1898 4207 2079 4290 quasi
2143 4208 2530 4290 prooemium

173 4315 269 4373 est
332 4306 688 4372 coniunctio
757 4306 1107 4371 dramatica
1152 4308 1261 4389 (A.
1306 4307 1440 4389 6.),
1508 4308 1658 4373 item
1713 4328 1839 4372 una
1904 4327 2139 4373 scaena
2184 4309 2533 4373 continetur

177 4407 675 4493 Agamemnonis
719 4407 1006 4472 discessu
1049 4406 1256 4472 divisa
1298 4408 1361 4472 in
1406 4409 1752 4493 particulas
1795 4408 2519 4473 duas..

337 4508 437 4577 lV
525 4505 785 4574 Emodus
841 4507 1208 4577 988-*1644
1278 4508 1699 4582 interscaenio
1745 4510 1861 4601 (4.)
1930 4511 1994 4578 in
2058 4509 2217 4575 duas
2260 4530 2528 4617 scaenas

2023 4611 2115 4682 δῦ
