<?xml version="1.0" encoding="UTF-8"?>
<!DOCTYPE html PUBLIC "-//W3C//DTD XHTML 1.0 Transitional//EN"
    "http://www.w3.org/TR/xhtml1/DTD/xhtml1-transitional.dtd">
<html xmlns="http://www.w3.org/1999/xhtml" xml:lang="en" lang="en">
 <head>
  <title>
</title>
<meta http-equiv="Content-Type" content="text/html;charset=utf-8" />
  <meta name='ocr-system' content='tesseract 3.04.00' />
  <meta name='ocr-capabilities' content='ocr_page ocr_carea ocr_par ocr_line ocrx_word'/>
</head>
<body>
  <div class='ocr_page' id='page_1' title='image "./decompositionee00oehmgoog_0083.png"; bbox 0 0 3267 5450; ppageno 0'>
   <div class='ocr_carea' id='block_1_1' title="bbox 753 541 2582 622">
    <p class='ocr_par' dir='ltr' id='par_1_1' title="bbox 753 541 2582 622">
     <span class='ocr_line' id='line_1_1' title="bbox 753 541 2582 622; baseline 0 -18"><span class='ocrx_word' id='word_1_1' title='bbox 753 551 802 617; x_wconf 67' lang='grc' dir='ltr'><strong>ς.</strong></span> <span class='ocrx_word' id='word_1_2' title='bbox 844 549 893 607; x_wconf 83' lang='grc'><strong>5.</strong></span> <span class='ocrx_word' id='word_1_3' title='bbox 970 548 1056 605; x_wconf 87' lang='lat' dir='ltr'><strong>De</strong></span> <span class='ocrx_word' id='word_1_4' title='bbox 1096 544 1356 622; x_wconf 83' lang='lat' dir='ltr'><strong>rhythmo</strong></span> <span class='ocrx_word' id='word_1_5' title='bbox 1395 544 1707 604; x_wconf 72' lang='lat' dir='ltr'><strong>dramatico</strong></span> <span class='ocrx_word' id='word_1_6' title='bbox 1742 547 2028 605; x_wconf 90' lang='lat' dir='ltr'><strong>nonnulla.</strong></span> <span class='ocrx_word' id='word_1_7' title='bbox 2498 541 2582 612; x_wconf 76' lang='grc'><strong>77</strong></span> 
     </span>
    </p>
   </div>
   <div class='ocr_carea' id='block_1_2' title="bbox 114 711 2669 1799">
    <p class='ocr_par' dir='ltr' id='par_1_2' title="bbox 114 711 2669 1799">
     <span class='ocr_line' id='line_1_2' title="bbox 196 711 2581 802; baseline -0.002 -21"><span class='ocrx_word' id='word_1_8' title='bbox 196 723 328 781; x_wconf 87' lang='lat' dir='ltr'><strong>tum</strong></span> <span class='ocrx_word' id='word_1_9' title='bbox 395 726 497 783; x_wconf 91' lang='lat' dir='ltr'><strong>est</strong></span> <span class='ocrx_word' id='word_1_10' title='bbox 555 719 880 802; x_wconf 88' lang='lat' dir='ltr'><strong>explosum</strong></span> <span class='ocrx_word' id='word_1_11' title='bbox 940 737 1080 782; x_wconf 87' lang='lat' dir='ltr'><strong>esse</strong></span> <span class='ocrx_word' id='word_1_12' title='bbox 1125 717 1577 801; x_wconf 83' lang='lat' dir='ltr'><strong>Hegilochnm,</strong></span> <span class='ocrx_word' id='word_1_13' title='bbox 1647 716 1816 800; x_wconf 89' lang='lat' dir='ltr'><strong>quod</strong></span> <span class='ocrx_word' id='word_1_14' title='bbox 1876 717 1940 781; x_wconf 91' lang='lat' dir='ltr'><strong>in</strong></span> <span class='ocrx_word' id='word_1_15' title='bbox 1990 715 2214 783; x_wconf 82' lang='lat' dir='ltr'><strong>Oreste</strong></span> <span class='ocrx_word' id='word_1_16' title='bbox 2259 711 2581 797; x_wconf 82' lang='lat' dir='ltr'><strong>Euripidis</strong></span> 
     </span>
     <span class='ocr_line' id='line_1_3' title="bbox 198 813 2596 900; baseline -0.002 -19"><span class='ocrx_word' id='word_1_17' title='bbox 198 838 252 881; x_wconf 89' lang='lat' dir='ltr'><strong>v.</strong></span> <span class='ocrx_word' id='word_1_18' title='bbox 282 817 418 884; x_wconf 78' lang='lat'><strong>279</strong></span> <span class='ocrx_word' id='word_1_19' title='bbox 464 815 537 883; x_wconf 79' lang='grc' dir='ltr'><strong>ἐκ</strong></span> <span class='ocrx_word' id='word_1_20' title='bbox 575 815 885 898; x_wconf 79' lang='grc' dir='ltr'><em>κυμάτων</em></span> <span class='ocrx_word' id='word_1_21' title='bbox 925 817 1051 899; x_wconf 78' lang='grc' dir='ltr'><strong>γὰρ</strong></span> <span class='ocrx_word' id='word_1_22' title='bbox 1082 814 1282 892; x_wconf 71' lang='grc' dir='ltr'><strong><em>αὖθις</em></strong></span> <span class='ocrx_word' id='word_1_23' title='bbox 1327 815 1412 882; x_wconf 82' lang='grc' dir='ltr'><strong>αὖ</strong></span> <span class='ocrx_word' id='word_1_24' title='bbox 1458 815 1680 900; x_wconf 80' lang='grc' dir='ltr'><em>γαλήν’</em></span> <span class='ocrx_word' id='word_1_25' title='bbox 1727 813 1861 900; x_wconf 79' lang='grc' dir='ltr'><strong>ὖρῶ</strong></span> <span class='ocrx_word' id='word_1_26' title='bbox 1904 816 1994 881; x_wconf 85' lang='lat' dir='ltr'><strong>ita</strong></span> <span class='ocrx_word' id='word_1_27' title='bbox 2021 815 2492 900; x_wconf 82' lang='lat' dir='ltr'><strong>pronuntiasset</strong></span> <span class='ocrx_word' id='word_1_28' title='bbox 2516 818 2596 878; x_wconf 79' lang='lat' dir='ltr'><strong>nt&#39;</strong></span> 
     </span>
     <span class='ocr_line' id='line_1_4' title="bbox 195 913 2669 1006; baseline -0.001 -26"><span class='ocrx_word' id='word_1_29' title='bbox 195 919 412 1002; x_wconf 79' lang='grc' dir='ltr'><em>γαλῆν</em></span> <span class='ocrx_word' id='word_1_30' title='bbox 459 938 530 983; x_wconf 84' lang='lat' dir='ltr'><strong>se</strong></span> <span class='ocrx_word' id='word_1_31' title='bbox 577 919 904 982; x_wconf 79' lang='lat' dir='ltr'>crederent</span> <span class='ocrx_word' id='word_1_32' title='bbox 946 918 1166 981; x_wconf 84' lang='lat' dir='ltr'><strong>audire</strong></span> <span class='ocrx_word' id='word_1_33' title='bbox 1210 920 1623 999; x_wconf 79' lang='lat' dir='ltr'><strong>spectatores,</strong></span> <span class='ocrx_word' id='word_1_34' title='bbox 1673 938 1796 1006; x_wconf 89' lang='lat' dir='ltr'><strong>non</strong></span> <span class='ocrx_word' id='word_1_35' title='bbox 1841 917 2113 1001; x_wconf 70' lang='grc' dir='ltr'><em>γαλὴνὰ.</em></span> <span class='ocrx_word' id='word_1_36' title='bbox 2203 916 2283 979; x_wconf 87' lang='lat' dir='ltr'><strong>Et</strong></span> <span class='ocrx_word' id='word_1_37' title='bbox 2325 913 2581 979; x_wconf 87' lang='lat' dir='ltr'><strong>barbari</strong></span> <span class='ocrx_word' id='word_1_38' title='bbox 2664 980 2669 991; x_wconf 67' lang='grc'>,</span> 
     </span>
     <span class='ocr_line' id='line_1_5' title="bbox 194 1015 2580 1087; baseline -0.001 -7"><span class='ocrx_word' id='word_1_39' title='bbox 194 1018 475 1081; x_wconf 87' lang='lat' dir='ltr'><strong>Romani</strong></span> <span class='ocrx_word' id='word_1_40' title='bbox 524 1018 578 1082; x_wconf 89' lang='lat' dir='ltr'><strong>si</strong></span> <span class='ocrx_word' id='word_1_41' title='bbox 622 1025 798 1082; x_wconf 89' lang='lat' dir='ltr'><strong>tanta</strong></span> <span class='ocrx_word' id='word_1_42' title='bbox 842 1024 1023 1080; x_wconf 86' lang='lat' dir='ltr'><strong>erant</strong></span> <span class='ocrx_word' id='word_1_43' title='bbox 1078 1018 1320 1080; x_wconf 87' lang='lat' dir='ltr'><strong>aurium</strong></span> <span class='ocrx_word' id='word_1_44' title='bbox 1386 1018 1728 1081; x_wconf 87' lang='lat' dir='ltr'><strong>severitate</strong></span> <span class='ocrx_word' id='word_1_45' title='bbox 1785 1015 1851 1087; x_wconf 85' lang='lat' dir='ltr'><strong>ut</strong></span> <span class='ocrx_word' id='word_1_46' title='bbox 1908 1016 2319 1082; x_wconf 85' lang='lat' dir='ltr'><strong>exsibilarent</strong></span> <span class='ocrx_word' id='word_1_47' title='bbox 2372 1020 2434 1078; x_wconf 92' lang='lat' dir='ltr'><strong>et</strong></span> <span class='ocrx_word' id='word_1_48' title='bbox 2476 1034 2580 1078; x_wconf 88' lang='lat' dir='ltr'><strong>ex-</strong></span> 
     </span>
     <span class='ocr_line' id='line_1_6' title="bbox 195 1105 2581 1201; baseline -0 -22"><span class='ocrx_word' id='word_1_49' title='bbox 195 1117 546 1201; x_wconf 87' lang='lat' dir='ltr'><strong>ploderent</strong></span> <span class='ocrx_word' id='word_1_50' title='bbox 579 1105 966 1197; x_wconf 75' lang='lat' dir='ltr'><strong>his’trionem,</strong></span> <span class='ocrx_word' id='word_1_51' title='bbox 1011 1124 1078 1180; x_wconf 90' lang='lat' dir='ltr'><strong>ut</strong></span> <span class='ocrx_word' id='word_1_52' title='bbox 1113 1122 1459 1181; x_wconf 84' lang='lat' dir='ltr'><strong>auctor.est</strong></span> <span class='ocrx_word' id='word_1_53' title='bbox 1485 1116 1708 1180; x_wconf 83' lang='lat' dir='ltr'><strong>Cicero</strong></span> <span class='ocrx_word' id='word_1_54' title='bbox 1754 1116 1977 1199; x_wconf 88' lang='lat' dir='ltr'><strong>parad.</strong></span> <span class='ocrx_word' id='word_1_55' title='bbox 2004 1117 2062 1196; x_wconf 87' lang='lat'><strong>3,</strong></span> <span class='ocrx_word' id='word_1_56' title='bbox 2083 1117 2152 1183; x_wconf 83' lang='lat'><strong>2:</strong></span> <span class='ocrx_word' id='word_1_57' title='bbox 2185 1114 2266 1179; x_wconf 85' lang='lat' dir='ltr'><strong>cf.</strong></span> <span class='ocrx_word' id='word_1_58' title='bbox 2296 1122 2453 1179; x_wconf 87' lang='lat' dir='ltr'><strong>orat.</strong></span> <span class='ocrx_word' id='word_1_59' title='bbox 2479 1115 2581 1193; x_wconf 81' lang='lat'><strong>51,</strong></span> 
     </span>
     <span class='ocr_line' id='line_1_7' title="bbox 196 1216 2579 1302; baseline -0.001 -21"><span class='ocrx_word' id='word_1_60' title='bbox 196 1217 322 1283; x_wconf 85' lang='lat'><strong>173</strong></span> <span class='ocrx_word' id='word_1_61' title='bbox 373 1225 443 1282; x_wconf 86' lang='lat' dir='ltr'><strong>et</strong></span> <span class='ocrx_word' id='word_1_62' title='bbox 487 1218 567 1282; x_wconf 90' lang='lat' dir='ltr'><strong>de</strong></span> <span class='ocrx_word' id='word_1_63' title='bbox 612 1226 767 1282; x_wconf 89' lang='lat' dir='ltr'><strong>orat.</strong></span> <span class='ocrx_word' id='word_1_64' title='bbox 807 1216 901 1280; x_wconf 96' lang='lat' dir='ltr'><strong>III</strong></span> <span class='ocrx_word' id='word_1_65' title='bbox 944 1217 1021 1283; x_wconf 84' lang='lat'><strong>51</strong></span> <span class='ocrx_word' id='word_1_66' title='bbox 1045 1267 1061 1298; x_wconf 91' lang='lat'><em>,</em></span> <span class='ocrx_word' id='word_1_67' title='bbox 1113 1216 1247 1297; x_wconf 77' lang='lat'><strong>196,</strong></span> <span class='ocrx_word' id='word_1_68' title='bbox 1298 1216 1350 1280; x_wconf 92' lang='lat' dir='ltr'><strong>si</strong></span> <span class='ocrx_word' id='word_1_69' title='bbox 1396 1217 1654 1302; x_wconf 89' lang='lat' dir='ltr'><strong>paulum</strong></span> <span class='ocrx_word' id='word_1_70' title='bbox 1703 1236 1770 1280; x_wconf 90' lang='lat' dir='ltr'><strong>se</strong></span> <span class='ocrx_word' id='word_1_71' title='bbox 1816 1223 2102 1280; x_wconf 88' lang='lat' dir='ltr'><strong>moverat</strong></span> <span class='ocrx_word' id='word_1_72' title='bbox 2143 1222 2323 1279; x_wconf 87' lang='lat' dir='ltr'><strong>extra</strong></span> <span class='ocrx_word' id='word_1_73' title='bbox 2365 1232 2579 1278; x_wconf 89' lang='lat' dir='ltr'><strong>nume-</strong></span> 
     </span>
     <span class='ocr_line' id='line_1_8' title="bbox 192 1309 2580 1400; baseline -0.001 -20"><span class='ocrx_word' id='word_1_74' title='bbox 192 1336 331 1381; x_wconf 90' lang='lat' dir='ltr'><strong>rum</strong></span> <span class='ocrx_word' id='word_1_75' title='bbox 383 1323 504 1380; x_wconf 86' lang='lat' dir='ltr'><strong>aut</strong></span> <span class='ocrx_word' id='word_1_76' title='bbox 546 1317 599 1381; x_wconf 92' lang='lat' dir='ltr'><strong>si</strong></span> <span class='ocrx_word' id='word_1_77' title='bbox 634 1337 854 1382; x_wconf 86' lang='lat' dir='ltr'><strong>versus</strong></span> <span class='ocrx_word' id='word_1_78' title='bbox 887 1317 1327 1400; x_wconf 89' lang='lat' dir='ltr'><strong>pronuntiatus</strong></span> <span class='ocrx_word' id='word_1_79' title='bbox 1371 1323 1507 1381; x_wconf 85' lang='lat' dir='ltr'><strong>erat</strong></span> <span class='ocrx_word' id='word_1_80' title='bbox 1552 1309 1808 1399; x_wconf 73' lang='lat' dir='ltr'><strong>syllaba</strong></span> <span class='ocrx_word' id='word_1_81' title='bbox 1849 1335 1977 1380; x_wconf 89' lang='lat' dir='ltr'><strong>una</strong></span> <span class='ocrx_word' id='word_1_82' title='bbox 2004 1316 2254 1381; x_wconf 84' lang='lat' dir='ltr'><strong>brevior</strong></span> <span class='ocrx_word' id='word_1_83' title='bbox 2296 1320 2406 1379; x_wconf 90' lang='lat' dir='ltr'><strong>ant</strong></span> <span class='ocrx_word' id='word_1_84' title='bbox 2445 1315 2580 1378; x_wconf 91' lang='lat' dir='ltr'><strong>lon-</strong></span> 
     </span>
     <span class='ocr_line' id='line_1_9' title="bbox 193 1414 2579 1499; baseline -0.001 -20"><span class='ocrx_word' id='word_1_85' title='bbox 193 1417 373 1499; x_wconf 85' lang='lat' dir='ltr'><strong>gior,</strong></span> <span class='ocrx_word' id='word_1_86' title='bbox 441 1418 635 1481; x_wconf 90' lang='lat' dir='ltr'><strong>multo</strong></span> <span class='ocrx_word' id='word_1_87' title='bbox 693 1417 880 1482; x_wconf 86' lang='lat' dir='ltr'><strong>etiam</strong></span> <span class='ocrx_word' id='word_1_88' title='bbox 949 1416 1302 1481; x_wconf 86' lang='lat' dir='ltr'><strong>severiores</strong></span> <span class='ocrx_word' id='word_1_89' title='bbox 1349 1417 1630 1482; x_wconf 87' lang='lat' dir='ltr'><strong>Graecos</strong></span> <span class='ocrx_word' id='word_1_90' title='bbox 1675 1416 1872 1481; x_wconf 85' lang='lat' dir='ltr'><strong>fuisse</strong></span> <span class='ocrx_word' id='word_1_91' title='bbox 1932 1414 2417 1480; x_wconf 86' lang='lat' dir='ltr'><strong>existimandum</strong></span> <span class='ocrx_word' id='word_1_92' title='bbox 2463 1418 2579 1478; x_wconf 88' lang='lat' dir='ltr'><strong>est.</strong></span> 
     </span>
     <span class='ocr_line' id='line_1_10' title="bbox 196 1514 2583 1598; baseline -0.001 -18"><span class='ocrx_word' id='word_1_93' title='bbox 196 1516 638 1593; x_wconf 84' lang='lat' dir='ltr'><strong>Quamobrem</strong></span> <span class='ocrx_word' id='word_1_94' title='bbox 705 1536 829 1580; x_wconf 91' lang='lat' dir='ltr'><strong>non</strong></span> <span class='ocrx_word' id='word_1_95' title='bbox 889 1523 1018 1598; x_wconf 84' lang='lat' dir='ltr'><strong>tam</strong></span> <span class='ocrx_word' id='word_1_96' title='bbox 1083 1517 1530 1582; x_wconf 87' lang='lat' dir='ltr'><strong>obluctandum</strong></span> <span class='ocrx_word' id='word_1_97' title='bbox 1598 1517 1846 1583; x_wconf 83' lang='lat' dir='ltr'><strong>videtur</strong></span> <span class='ocrx_word' id='word_1_98' title='bbox 1906 1522 2163 1582; x_wconf 87' lang='lat' dir='ltr'><strong>nostrae</strong></span> <span class='ocrx_word' id='word_1_99' title='bbox 2230 1514 2583 1579; x_wconf 83' lang='lat' dir='ltr'><strong>sententiae</strong></span> 
     </span>
     <span class='ocr_line' id='line_1_11' title="bbox 114 1615 2582 1705; baseline -0.002 -24"><span class='ocrx_word' id='word_1_100' title='bbox 114 1702 119 1705; x_wconf 74' lang='lat'><em>,</em></span> <span class='ocrx_word' id='word_1_101' title='bbox 195 1636 393 1698; x_wconf 84' lang='lat' dir='ltr'><strong>qnam</strong></span> <span class='ocrx_word' id='word_1_102' title='bbox 459 1637 706 1681; x_wconf 89' lang='lat' dir='ltr'><strong>summa</strong></span> <span class='ocrx_word' id='word_1_103' title='bbox 764 1637 883 1698; x_wconf 90' lang='lat' dir='ltr'><strong>ope</strong></span> <span class='ocrx_word' id='word_1_104' title='bbox 948 1615 1306 1681; x_wconf 89' lang='lat' dir='ltr'><strong>enitendum</strong></span> <span class='ocrx_word' id='word_1_105' title='bbox 1354 1623 1421 1681; x_wconf 91' lang='lat' dir='ltr'><strong>ut</strong></span> <span class='ocrx_word' id='word_1_106' title='bbox 1485 1617 1694 1681; x_wconf 88' lang='lat' dir='ltr'><strong>acrius</strong></span> <span class='ocrx_word' id='word_1_107' title='bbox 1750 1615 1861 1681; x_wconf 86' lang='lat' dir='ltr'><strong>fiat</strong></span> <span class='ocrx_word' id='word_1_108' title='bbox 1912 1618 2156 1682; x_wconf 88' lang='lat' dir='ltr'><strong>aurium</strong></span> <span class='ocrx_word' id='word_1_109' title='bbox 2224 1622 2582 1681; x_wconf 85' lang='lat' dir='ltr'><strong>nostrarum</strong></span> 
     </span>
     <span class='ocr_line' id='line_1_12' title="bbox 194 1716 1398 1799; baseline 0.001 -19"><span class='ocrx_word' id='word_1_110' title='bbox 194 1716 511 1781; x_wconf 87' lang='lat' dir='ltr'><strong>iudicium</strong></span> <span class='ocrx_word' id='word_1_111' title='bbox 557 1717 949 1799; x_wconf 83' lang='lat' dir='ltr'><strong>similiusque</strong></span> <span class='ocrx_word' id='word_1_112' title='bbox 993 1717 1398 1783; x_wconf 83' lang='lat' dir='ltr'><strong>Graecorum.</strong></span> 
     </span>
    </p>
   </div>
   <div class='ocr_carea' id='block_1_3' title="bbox 1312 1887 1558 1903">
    <p class='ocr_par' dir='ltr' id='par_1_3' title="bbox 1312 1887 1558 1903">
     <span class='ocr_line' id='line_1_13' title="bbox 1312 1887 1558 1903; baseline 0 3547"><span class='ocrx_word' id='word_1_113' title='bbox 1312 1887 1558 1903; x_wconf 95' lang='lat' dir='ltr'><strong> </strong></span> 
     </span>
    </p>
   </div>
   <div class='ocr_carea' id='block_1_4' title="bbox 144 1991 2584 2459">
    <p class='ocr_par' dir='ltr' id='par_1_4' title="bbox 192 1991 2584 2278">
     <span class='ocr_line' id='line_1_14' title="bbox 364 1991 2581 2080; baseline -0 -23"><span class='ocrx_word' id='word_1_114' title='bbox 364 1991 731 2059; x_wconf 87' lang='lat' dir='ltr'><strong>Haec&#39;fere</strong></span> <span class='ocrx_word' id='word_1_115' title='bbox 776 1995 896 2059; x_wconf 91' lang='lat' dir='ltr'><strong>hoc</strong></span> <span class='ocrx_word' id='word_1_116' title='bbox 940 2000 1224 2079; x_wconf 84' lang='lat' dir='ltr'><strong>tempore</strong></span> <span class='ocrx_word' id='word_1_117' title='bbox 1257 1995 1476 2080; x_wconf 84' lang='lat' dir='ltr'><strong>putavi</strong></span> <span class='ocrx_word' id='word_1_118' title='bbox 1521 1993 1794 2058; x_wconf 87' lang='lat' dir='ltr'><strong>dicenda</strong></span> <span class='ocrx_word' id='word_1_119' title='bbox 1837 1991 1916 2058; x_wconf 87' lang='lat' dir='ltr'><strong>de</strong></span> <span class='ocrx_word' id='word_1_120' title='bbox 1952 1993 2407 2076; x_wconf 81' lang='lat' dir='ltr'><strong>compositione</strong></span> <span class='ocrx_word' id='word_1_121' title='bbox 2451 1991 2581 2075; x_wconf 86' lang='lat' dir='ltr'><strong>epi·</strong></span> 
     </span>
     <span class='ocr_line' id='line_1_15' title="bbox 192 2090 2584 2178; baseline -0.001 -21"><span class='ocrx_word' id='word_1_122' title='bbox 192 2092 531 2158; x_wconf 86' lang='lat' dir='ltr'><strong>sodiorum</strong></span> <span class='ocrx_word' id='word_1_123' title='bbox 560 2090 939 2178; x_wconf 85' lang='lat' dir='ltr'><strong>Aeschylea.</strong></span> <span class='ocrx_word' id='word_1_124' title='bbox 1014 2090 1109 2159; x_wconf 86' lang='lat' dir='ltr'><strong>Tu</strong></span> <span class='ocrx_word' id='word_1_125' title='bbox 1144 2102 1372 2176; x_wconf 86' lang='lat' dir='ltr'><strong>autem,</strong></span> <span class='ocrx_word' id='word_1_126' title='bbox 1419 2094 1628 2174; x_wconf 86' lang='lat' dir='ltr'><strong>velim,</strong></span> <span class='ocrx_word' id='word_1_127' title='bbox 1660 2092 1858 2159; x_wconf 84' lang='lat' dir='ltr'><strong>lector</strong></span> <span class='ocrx_word' id='word_1_128' title='bbox 1891 2094 2220 2174; x_wconf 86' lang='lat' dir='ltr'><strong>benevole,</strong></span> <span class='ocrx_word' id='word_1_129' title='bbox 2268 2093 2320 2157; x_wconf 91' lang='lat' dir='ltr'><strong>si</strong></span> <span class='ocrx_word' id='word_1_130' title='bbox 2346 2092 2459 2156; x_wconf 89' lang='lat' dir='ltr'><strong>tibi</strong></span> <span class='ocrx_word' id='word_1_131' title='bbox 2506 2109 2584 2156; x_wconf 83' lang='lat' dir='ltr'><strong>ea</strong></span> 
     </span>
     <span class='ocr_line' id='line_1_16' title="bbox 198 2192 2583 2278; baseline -0.001 -20"><span class='ocrx_word' id='word_1_132' title='bbox 198 2213 377 2275; x_wconf 86' lang='lat' dir='ltr'><strong>quae</strong></span> <span class='ocrx_word' id='word_1_133' title='bbox 403 2192 735 2277; x_wconf 85' lang='lat' dir='ltr'><strong>disputata</strong></span> <span class='ocrx_word' id='word_1_134' title='bbox 761 2201 906 2260; x_wconf 90' lang='lat' dir='ltr'><strong>sunt</strong></span> <span class='ocrx_word' id='word_1_135' title='bbox 928 2194 1156 2258; x_wconf 83' lang='lat' dir='ltr'><strong>minus</strong></span> <span class='ocrx_word' id='word_1_136' title='bbox 1184 2195 1636 2278; x_wconf 88' lang='lat' dir='ltr'><strong>probabuntur,</strong></span> <span class='ocrx_word' id='word_1_137' title='bbox 1682 2214 1761 2258; x_wconf 92' lang='lat' dir='ltr'><strong>ne</strong></span> <span class='ocrx_word' id='word_1_138' title='bbox 1789 2213 1889 2258; x_wconf 92' lang='lat' dir='ltr'><strong>me</strong></span> <span class='ocrx_word' id='word_1_139' title='bbox 1921 2193 2212 2257; x_wconf 81' lang='lat' dir='ltr'><strong>acerbius</strong></span> <span class='ocrx_word' id='word_1_140' title='bbox 2244 2192 2583 2276; x_wconf 89' lang='lat' dir='ltr'><strong>reprehen-</strong></span> 
     </span>
    </p>

    <p class='ocr_par' dir='ltr' id='par_1_5' title="bbox 144 2293 2581 2459">
     <span class='ocr_line' id='line_1_17' title="bbox 144 2293 2581 2378; baseline -0.001 -21"><span class='ocrx_word' id='word_1_141' title='bbox 144 2364 145 2367; x_wconf 63' lang='lat'>,</span> <span class='ocrx_word' id='word_1_142' title='bbox 199 2293 356 2358; x_wconf 86' lang='lat' dir='ltr'><strong>das:</strong></span> <span class='ocrx_word' id='word_1_143' title='bbox 406 2294 610 2376; x_wconf 89' lang='lat' dir='ltr'><strong>pluris</strong></span> <span class='ocrx_word' id='word_1_144' title='bbox 644 2296 807 2360; x_wconf 90' lang='lat' dir='ltr'><strong>enim</strong></span> <span class='ocrx_word' id='word_1_145' title='bbox 854 2303 951 2360; x_wconf 88' lang='lat' dir='ltr'><strong>est</strong></span> <span class='ocrx_word' id='word_1_146' title='bbox 977 2295 1226 2360; x_wconf 84' lang='lat' dir='ltr'><strong>sudoris</strong></span> <span class='ocrx_word' id='word_1_147' title='bbox 1267 2295 1428 2360; x_wconf 86' lang='lat' dir='ltr'><strong>haec</strong></span> <span class='ocrx_word' id='word_1_148' title='bbox 1457 2294 1815 2378; x_wconf 78' lang='lat' dir='ltr'><strong>&#39;disputatio</strong></span> <span class='ocrx_word' id='word_1_149' title='bbox 1860 2312 2064 2375; x_wconf 81' lang='lat' dir='ltr'><strong>neque</strong></span> <span class='ocrx_word' id='word_1_150' title='bbox 2096 2293 2414 2357; x_wconf 86' lang='lat' dir='ltr'><strong>erroribus</strong></span> <span class='ocrx_word' id='word_1_151' title='bbox 2456 2311 2581 2355; x_wconf 93' lang='lat' dir='ltr'><strong>non</strong></span> 
     </span>
     <span class='ocr_line' id='line_1_18' title="bbox 196 2394 1123 2459; baseline -0.001 -1"><span class='ocrx_word' id='word_1_152' title='bbox 196 2394 521 2459; x_wconf 85' lang='lat' dir='ltr'><strong>subiecta.</strong></span> <span class='ocrx_word' id='word_1_153' title='bbox 1118 2416 1123 2425; x_wconf 84' lang='lat'><em>·</em></span> 
     </span>
    </p>
   </div>
  </div>
 </body>
</html>
