3267 5450
1005 515 1056 580 §-
1095 514 1146 571 3.
1209 511 1297 569 De
1333 464 1549 568 stasimi
1587 509 1839 567 notione.
2025 558 2047 585 .·
2528 506 2606 574 13

254 683 646 749 orchestram
688 681 1037 763 introierit,·
1060 682 1126 747 in
1169 687 1384 765 partes
1426 679 1824 757 discessisse.
1909 676 2076 757 Quid
2129 676 2322 761 igitur
2362 684 2460 743 est
2503 679 2612 744 ob·

253 784 480 849 staculi
527 784 858 867 quominus
912 783 1149 850 factum
1190 781 1255 847 id
1313 800 1456 846 esse
1513 780 1897 846 coniciamus
1939 785 2084 863 post
2126 779 2431 861 parodum
2475 778 2611 844 fini-

249 883 430 949 tam?
481 884 617 950 Nec
641 885 866 949 desunt
908 885 972 948 in
998 883 1239 967 quibus
1285 882 1446 947 haec
1487 881 1848 947 coniectura
1889 880 2002 945 niti
2044 879 2263 964 possit,
2305 880 2612 964 longioris

248 989 463 1050 tamen
509 990 655 1050 sunt
695 983 1017 1068 temporis-
1041 1003 1229 1067 quam
1272 982 1439 1066 quod
1484 982 1547 1047 in
1592 982 1717 1047 hac
1760 1000 1955 1047 causa
1998 998 2364 1067 consumere
2404 980 2570 1049 licet.

726 1203 794 1299 ξ.
852 1206 918 1280 3.
1026 1197 1201 1278 De
1251 1196 1638 1277 stasimi
1686 1195 2115 1278 notione.

419 1380 621 1446 Simili
666 1381 852 1447 modo
898 1387 1085 1465 atque
1130 1400 1251 1465 ego
1296 1382 1361 1446 in
1409 1381 1651 1466 parodo
1684 1378 2045 1446 definienda
2074 1398 2336 1464 quorum
2365 1398 2612 1444 summa

251 1488 353 1547 est
413 1483 752 1548 auctoritas
811 1482 932 1547 viri
983 1482 1152 1548 docti
1206 1483 1271 1547 in
1334 1482 1773 1549 constituenda
1836 1480 2080 1545 stasimi
2143 1479 2395 1544 notione
2464 1500 2609 1564 pro-

247 1582 460 1664 gressi
492 1590 682 1663 sunt.
769 1581 1191 1660 Quamobrem
1252 1602 1438 1666 quam
1497 1602 1613 1647 nos
1679 1581 1876 1647 secuti
1936 1600 2149 1645 sumus
2191 1579 2500 1645 rationem
2544 1588 2612 1646 ut

160 1740 175 1769 Ι
246 1690 489 1748 temere
543 1683 872 1766 quisquam
930 1684 1243 1768 vituperet
1284 1703 1408 1748 non
1454 1682 1588 1747 fore
1632 1681 1876 1766 sperari
1920 1687 2147 1765 potest.
2232 1680 2330 1744 An
2374 1680 2438 1744 in
2483 1689 2608 1746 sta·

252 1779 415 1851 simi'
452 1785 704 1849 notione
770 1783 1190 1850 describenda
1251 1784 1364 1849 illa
1416 1784 1660 1848 ratione
1707 1782 1795 1846 uti
1838 1780 2044 1862 licuit,
2108 1781 2171 1845 in
2215 1782 2437 1864 parodi
2482 1802 2607 1848 non

253 1883 520 1950 licebit?
602 1884 876 1950 Etenim,
906 1886 1311 1952 Godofredus
1367 1883 1691 1949 Hermann
1737 1880 2116 1949 odofredus
2172 1880 2434 1948 Mueller
2498 1883 2609 1949 alii

254 2005 384 2051 non
441 1984 657 2051 confisi
715 1986 1086 2052 inscientiae
1146 1986 1666 2067 scholiastarum,
1746 1983 1853 2066 qui
1909 1982 1992 2047 ad
2049 2002 2237 2047 unum
2293 2000 2511 2048 omnes
2570 2002 2611 2049 a

250 2086 487 2153 stando
542 2086 794 2153 ductum
858 2106 1085 2153 nomen
1142 2085 1403 2153 carmini
1454 2085 1549 2151 illi
1604 2085 1964 2168 impositum
2009 2102 2150 2149 esse
2187 2083 2610 2168 interpretan-

247 2195 384 2270 tur,
452 2207 614 2270 quae
671 2189 769 2253 vis
813 2188 955 2254 voci
1001 2188 1244 2254 stasimi
1287 2187 1371 2252 sit
1411 2185 1699 2251 subiecta
1740 2185 2146 2266 anquirentes
2191 2183 2471 2251 funditus
2515 2206 2608 2252 re·

249 2288 615 2373 pudiandas
685 2307 827 2354 esse
891 2289 1448 2372 grammaticorum
1516 2285 1767 2352 illorum
1843 2284 2117 2368 ineptias
2183 2276 2611 2353 dedocuerunt

249 2391 555 2476 ipsasque
612 2387 979 2473 tragoedias
1025 2388 1431 2455 fundamento
1477 2406 1619 2453 esse
1664 2392 2031 2451 statuerunt.
2116 2385 2305 2453 Solus
2349 2389 2608 2455 Boeckh

248 2491 476 2567 nescio
520 2509 644 2573 quo
688 2496 875 2575 pacto
918 2509 1041 2555 non
1085 2491 1290 2556 minus
1335 2490 1501 2555 falso
1541 2508 1731 2572 quam
1772 2488 1838 2552 in
1881 2488 2107 2573 parodi
2141 2487 2378 2553 ambitu
2415 2490 2608 2556 stabi·

247 2591 465 2657 liendo
498 2591 868 2675 loquacitati
897 2592 1222 2656 doctorum
1246 2591 1494 2656 illorum
1520 2589 1913 2654 indoctorum
1942 2588 2179 2673 aliquid
2210 2589 2607 2656 tribuendum

251 2693 576 2775 censebat,
621 2711 747 2776 qua
777 2693 840 2757 in
867 2712 935 2759 re
965 2712 1180 2760 eorum
1213 2692 1318 2777 qui
1349 2691 1538 2758 hodie
1582 2710 1700 2757 suo
1742 2690 1973 2756 iudicio
2017 2696 2267 2790 utuntur
2297 2692 2608 2759 neminem

251 2793 515 2859 habebit
556 2792 1033 2860 adsentientem.
1120 2794 1355 2861 Omnes
1400 2793 1565 2858 enim
1608 2793 1741 2857 fere
1784 2791 1888 2879 qui
1938 2792 2035 2858 his
2075 2755 2307 2857 studiis
2351 2812 2608 2879 operam

248 2900 494 2976 navant
536 2914 678 2960 eam
721 2895 1181 2980 amplectuntur
1224 2894 1467 2960 stasimi
1510 2893 1938 2959 definitionem
1969 2911 2157 2975 quam
2191 2898 2422 2959 vocant
2448 2893 2608 2960 Her-

248 2996 679 3061 mannianam.
767 2995 997 3061 Verum
1053 3015 1132 3060 ea
1182 3015 1306 3061 non
1372 2993 1720 3060 Hermanni
1788 2998 1915 3075 est,
1985 2992 2099 3058 sed
2154 2992 2434 3059 Kolsteri
2500 2994 2608 3080 (de

247 3095 557 3181 parabasi
594 3094 701 3181 11)
745 3096 827 3160 ab
859 3084 1224 3164 Hermanno
1253 3103 1538 3181 accepta.
1610 3094 1956 3159 Hermanni
1988 3099 2198 3159 autem
2229 3095 2430 3160 verba·
2451 3095 2612 3164 haec

249 3202 403 3262 sunt
441 3196 505 3262 in
548 3197 716 3282 Epit.
739 3196 815 3261 D.
840 3195 924 3260 M.
969 3200 1028 3278 ἓ.
1059 3196 1210 3264 666:
1259 3196 1520 3281 „Neque
1563 3195 1892 3260 stasimum
1933 3195 2016 3284 ap
2060 3214 2136 3260 eo
2178 3194 2348 3279 quod
2388 3194 2606 3263 immo-

247 3304 352 3363 tus
408 3303 530 3362 stet
586 3297 814 3362 chorus
871 3296 1107 3362 dictum
1164 3304 1292 3380 est,
1360 3296 1486 3362 sed·
1527 3295 1697 3378 quod
1752 3315 1793 3360 a
1846 3296 2038 3361 choro
2066 3314 2220 3360 non
2264 3297 2607 3365 accedente

250 3397 523 3482 primum
584 3403 648 3462 et
705 3395 958 3461 ordines
1019 3395 1407 3482 explicante,
1476 3397 1591 3462 sed
1645 3397 1771 3461 iam
1814 3404 2066 3462 tenente
2109 3395 2414 3464 stationes
2459 3419 2609 3468 suas

251 3499 576 3564 canatur“.
632 3496 816 3575 Quae
841 3496 1121 3564 definitio
1151 3498 1385 3582 quippe
1425 3515 1550 3579 qua
1594 3496 1877 3563 carmina
1920 3498 2095 3564 chori
2137 3498 2399 3579 minora,
2444 3519 2607 3586 quae

250 3598 484 3684 partim
529 3596 1029 3681 hyporchemata
1072 3598 1303 3685 partim
1344 3597 1724 3683 episodialia
1764 3597 2183 3680 nominantur,
2228 3619 2354 3665 non
2388 3601 2605 3666 distin·

250 3704 527 3783 guantur
570 3716 611 3761 a
652 3698 930 3764 stasimis
976 3699 1164 3783 plane
1208 3705 1306 3764 est
1339 3697 1680 3764 reicienda.
1767 3698 2273 3783 Confugiendum
2303 3702 2384 3766 ad
2411 3701 2606 3769 Muel-

250 3799 561 3865 lerianam
605 3798 687 3872 ab
731 3799 1096 3881 A'rnoldtio‚
1166 3819 1349 3884 quem
1413 3799 1717 3886 inspicias
1768 3801 1958 3866 velim
2005 3800 2211 3886 (chor.
2256 3801 2493 3881 Techn.
2539 3804 2602 3869 d.

251 3899 401 3965 Eur.
445 3898 547 3966 42.
592 3899 714 3970 223
728 3904 832 3981 s),
880 3918 994 3964 suo
1038 3900 1171 3965 iure
1214 3900 1568 3986 probatam.
1634 3900 1753 3969 Ille
1797 3900 2198 3996 autemssLit.
2243 3901 2318 3968 G.
2362 3902 2445 3982 Π,
2490 3904 2603 3987 66;

250 3999 580 4068 Eumenid.
611 4000 728 4077 84)
777 3999 1058 4065 carmina
1100 4020 1179 4066 ea
1219 3989 1531 4092 intellexit
1575 4021 1717 4067 esse
1759 4001 2025 4067 stasima
2068 4021 2231 4085 quae
2274 4008 2408 4067 tota
2451 4022 2604 4088 qua-

253 4100 402 4167 dam
448 4100 752 4167 dramatis
793 4107 976 4185 parte
1018 4100 1196 4168 finita
1237 4121 1278 4168 a
1322 4102 1514 4168 choro
1573 4110 1894 4169 canantur.
1983 4101 2099 4168 Oui
2152 4102 2404 4186 quidem
2459 4123 2603 4171 con-

251 4201 562 4281 stitutioni
603 4200 835 4290 quippe
880 4207 943 4267 et
983 4202 1076 4268 rei
1118 4211 1381 4270 naturae
1424 4204 1829 4292 respondenti
1887 4209 1949 4268 et
1990 4204 2055 4268 in
2097 4222 2313 4269 omnes
2355 4210 2605 4289 tragoe-

253 4302 397 4368 dias
439 4304 716 4386 pe1bene
760 4298 1094 4386 quadranti
1137 4304 1287 4387 quid
1334 4311 1432 4371 est
1473 4325 1707 4371 causae
1752 4324 1861 4397 cur
1889 4303 2192 4369 adsentiri
2225 4307 2605 4387 gravemur?

253 4403 357 4469 Et
376 4423 454 4468 ne
500 4409 710 4469 vetere
752 4402 1004 4487 quidem
1045 4389 1406 4478 testimonio
1449 4405 1730 4472 destituti
1773 4392 2009 4472 sumus.
2047 4395 2341 4480 Etenim
2385 4406 2603 4489 gravis

254 4503 363 4571 ille
408 4522 794 4589 anonymus,
854 4524 934 4573 ex
984 4525 1108 4592 quo
1164 4513 1579 4573 manaverunt
1630 4528 1793 4591 quae
1836 4506 2097 4574 Tzetzes
2144 4507 2349 4593 primo
2396 4510 2602 4600 capite
