3267 5450
0 4504 41 4592 ³

964 544 1013 613 β.
1049 546 1101 604 2.
1173 547 1261 603 De
1299 546 1498 618 parodi
1535 547 1781 604 notione.
2510 546 2552 612 7

196 713 281 778 ad
344 702 709 780 veritatem'
745 714 1097 781 accessisse
1170 714 1546 782 iudicandus
1611 721 1730 782 est.
1834 715 2040 794 Quam
2108 714 2555 798 repudiaverat

193 814 384 881 Kock
427 815 856 881 Aristoteliam
920 814 1345 881 definitionem
1404 816 1677 900 quinque
1733 817 1917 883 annis
1957 823 2105 901 post
2144 815 2209 880 in
2250 815 2553 882 honorem

195 914 449 981 reduxit
502 914 865 1001 Leopoldus
922 914 1210 981 Schmidt
1271 916 1338 981 in
1406 917 1930 983 commentatione
1993 916 2074 982 de
2139 916 2363 1000 parodi
2426 922 2551 983 tra-

193 1015 470 1100 go‘ediae
510 1035 782 1100 graecae
825 1015 1100 1096 notione,
1145 1017 1236 1082 ita
1279 1018 1532 1101 quidem
1575 1024 1664 1107 ut,
1685 1018 2096 1084 fundamento
2138 1036 2218 1083 ea
2256 1016 2555 1083 utendum

191 1121 520 1198 statueret,
564 1119 873 1202 pluraque
918 1116 1164 1182 addidit
1191 1118 1275 1184 ad
1319 1119 1826 1202 cognoscendam
1868 1117 2240 1203 tragoediae
2284 1137 2555 1201 graecae

192 1216 573 1283 divisionem
615 1217 868 1283 idonea.
944 1218 1097 1283 Post
1136 1217 1254 1283 hos
1300 1239 1457 1302 quos
1487 1218 1746 1284 laudavi
1788 1219 1958 1286 viros
2001 1219 2223 1284 doctos
2248 1217 2553 1300 aliquam·

85 1364 94 1375 .
196 1315 305 1381 diu
350 1338 539 1383 nemo
583 1319 922 1401 quicquam
964 1318 1222 1402 detegit.
1291 1319 1457 1384 Nam
1502 1339 1692 1402 quam
1735 1319 2174 1386 Ferdinandus
2197 1319 2556 1385 Ascherson

120 1464 127 1471 -
193 1437 363 1485 anno
409 1419 572 1487 1856
613 1419 850 1503 publici
893 1418 1047 1484 iuris
1091 1418 1243 1486 fecit
1285 1419 1647 1486 dissertatio
1689 1420 1769 1487 de
1808 1420 2052 1506 parodo
2100 1427 2163 1486 et
2204 1419 2554 1504 epiparodo

193 1519 486 1602 quamvis
530 1521 814 1605 praemio
870 1527 1094 1585 ornata
1148 1516 1390 1586 tantum
1447 1522 1609 1586 afuit
1650 1529 1718 1587 ut
1758 1523 2094 1605 quicquam
2136 1527 2555 1606 promoveret,

193 1624 305 1697 ut,'
356 1640 441 1686 ne
506 1621 655 1703 quid
711 1620 1003 1686 acerbius
1068 1619 1306 1705 dicam,
1368 1622 1582 1686 utilius
1625 1623 1897 1688 futurum
1944 1622 2140 1688 fuisse
2183 1621 2556 1688 documento

192 1720 401 1804 possit
444 1740 617 1803 esse,
681 1721 735 1787 si
800 1726 1121 1786 auctorem
1165 1721 1249 1786 ad
1313 1722 1485 1786 aliud
1550 1721 1793 1805 aliquid
1846 1721 2016 1805 quod
2068 1722 2284 1788 facere
2340 1727 2559 1808 posset
2601 1805 2607 1809 Α
2677 1798 2681 1805 .

191 1829 644 1907 praeceptores
721 1822 1151 1888 detrusissent.
1253 1822 1492 1888 Eodem
1555 1823 1747 1889 modo
1811 1843 1936 1906 quo
1989 1823 2277 1889 Schmidt
2348 1823 2556 1908 spatio

194 1921 502 1988 tredecim
546 1942 852 1990 annorum
895 1923 1251 1988 intermisso
1294 1922 1628 2008 Westphal
1685 1922 1749 1988 in
1794 1924 2263 2008 prolegomenis
2294 1923 2391 1989 >ad
2432 1931 2556 1991 tra·

196 2023 470 2106 goedias
511 2023 906 2107 Aeschyleas
949 2023 1317 2090 Aristotelia
1370 2023 1485 2090 illa
1536 2023 1902 2090 definitione
1948 2024 2360 2091 fundamento
2404 2045 2557 2092 usus

193 2129 309 2205 est,
355 2121 473 2189 sed
515 2123 607 2188 ita
648 2143 789 2189 eam
835 2125 1179 2208 explicavit
1219 2131 1287 2189 ut
1329 2126 1730 2191 Aristotelem
1789 2125 1925 2191 sive
1969 2131 2288 2191 auctorem
2331 2125 2557 2211 capitis

192 2222 553 2289 duodecimi
577 2225 867 2309 poeticae
896 2245 1022 2290 non
1051 2225 1302 2308 priscae
1324 2225 1696 2310 tragoediae
1724 2224 2012 2305 formam,
2040 2244 2204 2308 quae
2226 2225 2560 2292 Schmidtii

192 2323 329 2417 fuit
356 2325 700 2404 sententia,
766 2325 880 2390 sed
931 2312 1298 2393 recentioris
1356 2332 1646 2412 spectare
1703 2333 2009 2392 censeret.
2094 2326 2176 2392 Et
2216 2332 2360 2392 sunt
2404 2346 2559 2393 sane

193 2424 425 2508 quibus
468 2424 628 2490 haec
685 2426 900 2510 opinio
957 2426 1414 2510 comprobetur.
1499 2427 1733 2492 Verum
1774 2421 1986 2493 tamen
2042 2428 2125 2493 ob
2169 2446 2310 2492 eam
2352 2427 2560 2512 ipsam

193 2545 458 2592 causam
501 2527 583 2590 ad
639 2527 1143 2594 constituendum
1208 2526 1430 2611 parodi
1491 2528 1793 2593 ambitum
1854 2530 1993 2594 sola
2033 2529 2149 2594 illa
2190 2527 2561 2593 Aristotelia

132 2631 138 2639 ’
193 2626 426 2693 divisio
470 2646 596 2692 non
636 2626 930 2693 sufficere
974 2627 1247 2693 videtur:
1310 2627 1501 2693 immo
1560 2626 1742 2713 ipsae
1805 2629 2064 2695 fabulae
2125 2627 2561 2712 inspiciendae

194 2734 358 2796 sunt.
469 2729 893 2808 Quamobrem
957 2747 1036 2794 ea
1107 2749 1296 2812 quam
1358 2728 1793 2813 Myriantheus
1871 2729 2030 2797 duce
2087 2729 2361 2795 Christio
2426 2729 2567 2795 iniit

192 2829 300 2894 via
341 2830 550 2913 magis
593 2829 825 2895 idonea
866 2830 1133 2896 videtur.
1217 2813 1284 2896 Is
1332 2830 1499 2897 enim
1542 2830 1605 2894 in
1661 2829 1824 2895 libro
1881 2850 2067 2913 quem
2108 2827 2562 2897 Marschlieder

192 2929 518 3014 inscripsit
557 2930 853 2996 Monachi
892 2951 1060 2996 anno
1105 2929 1267 2998 1873
1323 2929 1493 2996 edito
1548 2930 1641 2996 ita
1683 2931 1763 2996 de
1822 2931 2066 3015 parodo
2108 2931 2455 3016 disputavit
2496 2936 2564 2998 ut

193 3031 347 3114 quid
392 3031 794 3096 statuendum
850 3036 1019 3098 esset
1060 3031 1140 3096 de
1184 3031 1320 3097 eius
1362 3032 1425 3096 vi
1474 3038 1536 3096 et
1599 3037 1828 3096 natura
1870 3051 2119 3115 quoque
2162 3031 2351 3099 modo
2396 3052 2561 3116 quae

193 3132 277 3197 ab
305 3131 650 3197 Aristotele
672 3132 931 3201 Polluce
975 3131 1120 3197 aliis
1160 3131 1285 3197 hac
1327 3131 1406 3197 de
1448 3152 1517 3197 re
1563 3131 1894 3197 traduntur
1935 3138 2151 3199 essent
2180 3123 2562 3218 explicanda

192 3240 322 3299 tum
376 3234 631 3299 demum
687 3233 957 3315 diceret,
1024 3238 1362 3317 postquam
1399 3231 1463 3297 in
1519 3251 1629 3298 eos
1672 3253 1965 3299 numeros
2034 3238 2096 3298 et
2137 3253 2359 3300 versus
2402 3235 2559 3299 satis

195 3340 493 3401 accurate
516 3333 946 3418 inquisivisset
974 3353 1134 3416 quos
1177 3332 1262 3398 ad
1304 3333 1589 3399 incessus
1616 3333 1791 3399 chori
1838 3340 1900 3398 et
1942 3331 2317 3399 histrionum
2360 3333 2557 3419 adap-

193 3417 367 3501 tatos
406 3433 717 3501 videmus.
803 3513 808 3526 ἡ
1915 3511 1926 3522 ¹

357 3533 498 3601 Etsi
541 3534 641 3600 his
698 3534 1328 3602 commentationibus
1387 3553 1550 3617 quae
1614 3533 2097 3600 alucinabantur
2152 3534 2254 3599 vel
2314 3539 2559 3600 veteres

194 3638 293 3702 vel
335 3636 721 3702 recentiores
763 3637 953 3720 plane
994 3643 1241 3702 remota
1283 3642 1455 3718 sunt,
1502 3633 1594 3700 'de
1637 3633 1865 3701 finibus
1922 3643 2133 3700 tamen
2175 3634 2558 3719 parodorum

195 3755 320 3803 non
364 3737 525 3802 satis
558 3741 859 3810 ‚constare
901 3736 1056 3801 mibi
1097 3736 1350 3819 quidem
1393 3734 1660 3802 videtur.
1733 3735 1944 3813 Quare
1988 3734 2195 3802 denuo
2240 3737 2555 3818 quaestio-

195 3857 339 3904 nem
379 3838 709 3904 instituere
759 3839 963 3903 visum
1007 3844 1132 3918 est3
1203 3856 1343 3903 cum
1387 3842 1598 3904 autem
1642 3854 1770 3901 non
1811 3835 1879 3900 id
1923 3855 2112 3919 agam
2156 3842 2225 3902 ut
2266 3857 2430 3920 quae
2474 3837 2557 3902 ab

197 3939 320 4004 illis
362 3944 534 4005 recte
578 3938 918 4005 constituta
958 3937 1147 4003 video
1188 3944 1542 4020 retractem,
1590 3938 1671 4003 de
1716 3936 1813 4002 eis
1857 3941 2097 4001 tantum
2142 3936 2349 4003 dicam
2392 3957 2556 4021 quae

148 4085 154 4089 -
199 4038 279 4104 ab
322 4039 455 4104 illis
496 4045 606 4104 aut
651 4039 891 4105 omissa
939 4046 1049 4104 aut
1088 4038 1153 4102 in
1200 4047 1563 4105 transcursu
1604 4043 1753 4105 sunt
1793 4043 2084 4102 tractata.

358 4140 567 4221 Atque
606 4138 914 4223 parodum
979 4139 1233 4222 quidem
1293 4139 1527 4223 quippe
1583 4157 1747 4222 quae
1811 4137 2185 4230 interposita
2247 4137 2330 4203 sit
2395 4138 2557 4204 inter

200 4239 524 4306 absolutas
564 4240 1005 4325 perfectasque
1048 4239 1419 4324 tragoediae
1461 4247 1697 4326 partes,
1738 4239 1902 4306 inter
1944 4237 2278 4323 prologum
2322 4246 2385 4304 et
2424 4238 2553 4323 epi-

202 4339 474 4422 sodium‘‚
531 4346 594 4405 et
634 4346 898 4406 naturae
943 4341 1446 4407 consentaneum
1476 4347 1572 4406 est
1616 4347 1680 4405 et
1721 4339 1803 4404 ab
1845 4339 2184 4405 Aristotele
2228 4338 2555 4406 confirma-

201 4446 297 4506 tur
334 4441 681 4525 perfectam
736 4462 875 4526 esse
928 4448 1117 4526 atque
1172 4439 1535 4508 conclusam
1588 4440 1960 4525 tragoediae
1997 4446 2263 4530 partem.
2345 4440 2557 4506 Habet

198 4543 366 4608 enim
391 4543 501 4609 ille
531 4542 725 4611 haec:
769 4538 1161 4610 ἐπεισόδιον
1201 4542 1276 4610 τὸ
1319 4542 1564 4628 μεταξὺ
1609 4541 1732 4608 δύο
1778 4539 1953 4609 ὅλων
1993 4546 2279 4627 χορικῶν
2320 4544 2554 4627 μελῶν.
2640 4553 2644 4574 ·
