3267 5450
935 556 941 561 -
1023 521 1075 588 e.
1111 524 1166 580 2.
1238 519 1324 577 De
1360 518 1561 591 parodi
1595 517 1842 576 notione.
1885 505 1895 516 ’
2541 509 2621 581 11
2711 594 2716 597 ι

271 709 413 757 men
457 690 676 758 nescio
718 711 799 757 an
843 691 946 756 vel
990 689 1572 777 probabilissimum
1616 690 1787 773 quod
1830 709 1955 756 non
1998 689 2123 755 nisi
2163 689 2229 755 in
2262 689 2489 758 lectica
2501 676 2625 757 lde-

273 811 442 858 mum
484 793 713 878 parodi
754 798 936 878 parte
977 813 1036 858 v.
1067 791 1191 860 297
1235 789 1321 857 δι’
1366 790 1447 879 ἣν
1492 789 1717 859 αἰτίαν
1754 789 2085 879 πάρεστιν
2126 790 2256 858 dux
2300 791 2473 859 chori
2516 791 2624 858 de-

274 893 554 974 nuntiat,
598 893 803 977 quode
846 910 995 960 mox
1037 894 1300 959 dicetur.

437 995 658 1079 Neque
717 995 1061 1062 abhorrere
1115 994 1362 1060 videtur
1418 995 1501 1059 ab
1555 994 1680 1059 hac
1735 1000 1954 1058 nostra
1993 992 2220 1077 parodi
2262 991 2624 1058 definitione

271 1114 398 1160 vox
454 1094 745 1179 episodii.
844 1095 1215 1179 Episodium
1273 1095 1439 1161 enim
1494 1114 1636 1161 cum
1696 1114 1823 1159 non
1893 1094 2152 1160 dubium
2189 1098 2423 1176 ‘possit
2478 1104 2620 1161 esse

269 1196 419 1280 quin
463 1196 546 1261 ab
589 1194 825 1286 εἰσόδῳ
867 1196 1115 1263 duxerit
1156 1196 1492 1281 originem,
1557 1203 1688 1262 tum
1746 1195 1997 1261 demum
2038 1200 2250 1280 potest
2290 1194 2481 1259 statui
2521 1193 2621 1259 in-

272 1297 507 1382 cipere,
553 1316 690 1363 cum
715 1296 937 1364 histrio
962 1298 1025 1362 in
1059 1317 1357 1365 scaenam
1388 1298 1491 1364 vel
1523 1296 1830 1382 prodierit
1870 1296 1973 1363 vel
2019 1294 2295 1361 redierit.
2381 1293 2628 1373 Quodsi

272 1398 573 1482 colloquii
616 1394 786 1481 quod
830 1398 1110 1483 sequitur
1150 1418 1383 1465 novum
1420 1404 1698 1464 actorem
1729 1416 1856 1462 non
1888 1396 2202 1463 cernimus
2233 1396 2626 1480 participem,

268 1518 396 1565 non
441 1498 688 1565 videtur
732 1517 876 1564 esse
920 1518 1029 1565 cur
1071 1498 1360 1583 episodio
1402 1495 1467 1563 id
1510 1499 1944 1564 attribuamus.
2030 1498 2263 1563 Verum
2320 1496 2467 1562 huic
2527 1516 2624 1561 ar-

270 1598 730 1683 gumentationi
772 1598 912 1684 ipse
953 1599 1255 1666 confiteor
1292 1620 1419 1666 non
1463 1619 1761 1683 magnam
1814 1598 2173 1664 habendam
2235 1616 2377 1663 esse
2417 1597 2626 1663 fidem.

270 1700 438 1766 Nam
482 1700 630 1784 quia
670 1699 1023 1783 episodium
1088 1719 1288 1785 aeque
1341 1721 1418 1768 ac
1472 1701 1752 1786 parodus
1795 1700 2038 1766 exodus
2082 1700 2411 1766 stasimum
2452 1698 2625 1783 tech-

269 1800 451 1867 nicus
505 1807 604 1866 est
655 1800 987 1882 terminus,
1039 1801 1276 1867 factum
1331 1821 1473 1868 esse
1515 1821 1707 1888 posse
1750 1803 1940 1868 facile
1980 1801 2368 1885 intellegitur
2408 1807 2478 1866 ut
2527 1798 2626 1866 vis

270 1899 410 1967 eius
452 1921 530 1967 ac
571 1902 800 1967 natura
838 1907 1191 1986 temporum
1233 1902 1499 1970 decursu
1515 1953 1534 1986 ,
1578 1902 1743 1969 sicut
1783 1904 1846 1969 in
1891 1904 2098 1971 exodo
2141 1902 2447 1983 diximuS,
2511 1900 2625 1966 im·

269 2007 636 2069 mutaretur.

437 2103 618 2170 Haec
679 2102 813 2170 fere
866 2110 1013 2170 sunt
1075 2122 1239 2187 quae
1303 2124 1383 2171 ex
1442 2104 1599 2191 ipsis
1643 2103 1993 2188 tragoediis
2035 2103 2211 2190 potui
2260 2104 2627 2185 enuclear03

275 2224 444 2271 nunc
478 2204 813 2297 ‘videamus
855 2205 1170 2289 quomodo
1214 2224 1295 2271 ea
1338 2225 1477 2271 cum
1518 2205 1895 2272 testimoniis
1923 2211 2222 2284 veterum,
2266 2225 2427 2289 quae
2456 2203 2627 2288 apud

271 2305 591 2372 Kockium
635 2306 795 2370 alios
838 2304 1123 2372 invenies
1167 2306 1459 2389 collecta,
1503 2306 1757 2392 possint
1796 2306 2167 2374 consociari.
2252 2308 2457 2390 Atque
2500 2304 2627 2390 pri-

273 2427 445 2473 mum
489 2422 654 2490 quae
698 2406 1082 2474 scholiastae
1148 2405 1382 2491 aliique
1438 2408 1834 2491 grammatici
1892 2406 2167 2492 produnt
2227 2408 2329 2473 vel
2387 2406 2628 2473 minimi

269 2515 419 2574 sunt
458 2507 776 2574 momenti.
861 2507 1063 2574 Alteri
1108 2507 1274 2572 enim
1316 2508 1627 2592 parodum
1671 2509 1947 2575 sentiunt
1984 2528 2125 2575 esse
2170 2522 2432 2574 carmen’
2466 2508 2630 2574 inter

268 2610 480 2695 ipsum
522 2606 940 2674 incedendum
983 2628 1025 2674 a
1068 2609 1387 2674 choreutis
1431 2616 1782 2692 cantatum,
1839 2610 2042 2693 falso,
2101 2617 2172 2677 ut
2213 2610 2339 2676 iam
2383 2610 2627 2695 pridem

269 2710 656 2778 intellectum
703 2716 827 2793 est,
893 2710 1074 2778 alteri
1116 2711 1184 2775 id
1228 2730 1351 2794 quo
1415 2731 1526 2780 cur
1589 2710 1916 2779 devenerit
1957 2711 2185 2778 chorus
2230 2711 2496 2794 indicet,
2559 2708 2628 2776 id

269 2812 441 2897 quod
483 2832 610 2878 non
653 2811 860 2896 magis
902 2833 936 2878 e
978 2831 1048 2878 re
1092 2818 1309 2877 natum
1352 2820 1468 2878 est.
1554 2813 1698 2878 Non
1758 2812 1922 2878 enim
1967 2813 2031 2877 in
2073 2813 2358 2898 prologis
2403 2813 2629 2894 solum,

269 2914 391 2978 sed
433 2912 623 2978 e'tiam
665 2913 731 2977 in
776 2912 1082 2997 episodiis
1139 2932 1251 2979 cur
1307 2912 1372 2976 in
1436 2932 1735 2980 scaenam
1801 2913 2151 2998 prodierint
2194 2919 2442 2979 actores
2483 2931 2627 2998 pro·

269 3013 597 3095 nuntiant3
664 3012 812 3079 hinc
877 3015 1071 3098 igitur
1118 3013 1363 3080 'eodem
1414 3011 1549 3079 iure
1600 3013 1813 3081 dicere
1869 3022 2237 3100 potuerant·
2267 3016 2628 3096 manavisse

208 3143 221 3154 ι
269 3132 501 3178 nomen
548 3113 838 3199 episodii.
924 3115 1072 3182 Alia
1113 3114 1276 3181 ratio
1320 3134 1534 3181 eorum
1577 3134 1741 3198 quae
1785 3115 1867 3180 ab
1899 3116 2237 3182 Aristotele
2280 3115 2629 3194 traduntur,

268 3233 437 3299 quae
494 3221 641 3280 sunt
695 3215 882 3295 haece
950 3221 1219 3302 χορικοῦ
1276 3215 1353 3282 δὲ
1395 3216 1698 3304 πάροδος
1738 3218 1861 3301 μὲν
1903 3215 1938 3304 ἡ
1985 3214 2205 3304 πρώτη
2250 3218 2420 3294 λέξις
2465 3214 2625 3283 ὅλου

265 3320 490 3404 χοροῦ.
559 3315 738 3394 Quae
775 3316 972 3382 verba
996 3316 1328 3402 Westphal
1370 3335 1496 3382 non
1540 3319 1779 3403 primus
1820 3319 2097 3383 omnium
2139 3318 2273 3383 fere
2317 3335 2627 3383 consensu

267 3416 366 3482 ita
406 3419 672 3482 mutavit
710 3423 778 3482 ut
818 3436 934 3501 pro
980 3416 1140 3485 ὅλου
1198 3417 1502 3484 scriberet
1559 3417 1676 3505 ὅλη
1718 3425 1859 3486 τοῦ.
1946 3418 2216 3500 Iniuria,
2283 3424 2352 3483 ut
2416 3418 2626 3500 credo,

269 3534 401 3582 non
444 3537 569 3601 quo
614 3517 772 3584 ὅλον
811 3522 1011 3605 μέρος
1051 3517 1359 3604 parodum
1404 3537 1666 3603 negem,
1729 3519 1844 3585 sed
1905 3520 2055 3603 quia
2105 3519 2272 3585 hanc
2314 3518 2626 3585 coniectu·

270 3637 410 3683 ram
453 3638 572 3685 nec
611 3619 1039 3684 necessariam
1084 3627 1149 3685 et
1195 3619 1425 3685 falsam
1469 3618 1652 3685 duco.
1721 3620 1880 3704 Ὅλη
1938 3619 2106 3686 enim
2162 3621 2217 3685 si
2269 3620 2630 3706 scripsisset

269 3717 668 3802 Aristoteles,
715 3721 1121 3804 sequentibus
1168 3719 1379 3785 verbis
1425 3720 1756 3801 στάσιμον
1783 3722 1978 3804 μέλος
2006 3730 2210 3808 χοροῦ
2255 3722 2392 3788 sine
2434 3721 2627 3787 dubio

220 3839 229 3846 ·
267 3817 422 3884 item
467 3817 624 3886 ὅλον
686 3819 1137 3904 adiunxisset,
1172 3822 1340 3903 quod
1397 3820 1564 3887 idem
1617 3821 1860 3886 fecerat
1913 3821 1977 3886 in
2043 3824 2294 3906 prologi
2356 3822 2628 3908 episodii

272 3918 464 3985 exodi
526 3919 929 3987 definitione:
1000 3921 1070 3989 G.
1114 3922 1453 3988 Kirchhoff
1482 3922 1672 3989 Orch.
1716 3922 2043 4006 Eurythm.
2086 3923 2169 4004 II,
2212 3923 2271 4006 2,
2316 3924 2377 3990 5.
2462 3926 2626 3988 Nam

272 4020 441 4103 quod
488 4020 798 4105 parodum
842 4023 1021 4100 λέξιν
1062 4023 1215 4088 dicit
1257 4041 1427 4101 esse,
1498 4023 1825 4088 stasimum
1887 4043 2039 4089 vero
2102 4026 2298 4107 μέλος
2356 4043 2482 4089 non
2536 4024 2628 4089 ita

272 4120 686 4206 premendum
742 4121 1019 4206 videtur,
1075 4124 1223 4206 quia
1279 4124 1342 4188 in
1387 4123 1659 4208 episodii
1702 4123 2067 4190 definitione
2111 4124 2229 4189 has
2272 4125 2432 4200 duas
2474 4144 2624 4209 quo-

271 4240 395 4304 que
436 4222 742 4286 dramatis
789 4230 1004 4308 partes
1035 4231 1177 4289 tota
1218 4227 1502 4291 carmina
1539 4231 1913 4300 vocaverat:
1955 4223 2367 4291 Ἐπεισόδιον
2400 4226 2475 4291 δὲ
2516 4230 2622 4310 μέ-

277 4346 390 4406 ρος
434 4319 595 4388 ὅλον
634 4324 1005 4411 τραγῳδίας
1046 4325 1122 4389 τὸ
1165 4325 1410 4408 μεταξὺ
1471 4323 1681 4391 ὅλων
1724 4334 2009 4412 χορικῶν
2058 4329 2350 4409 nemu:
2420 4325 2624 4393 West·

273 4421 430 4506 phal
492 4422 597 4504 58,
659 4420 1096 4506 Myriantheus
1140 4423 1261 4496 139
1280 4424 1322 4489 ¹.
1408 4423 1590 4502 Quae
1655 4425 1901 4492 addidit
1956 4425 2288 4511 Westphal
2344 4428 2480 4513 (66)
2541 4428 2625 4494 ad

276 4521 774 4589 confirmandam
837 4523 1259 4592 coniecturam
1317 4545 1398 4593 ex
1445 4526 1615 4593 falsa
1670 4527 2185 4613 interpretatione
2244 4529 2421 4598 vocis
2464 4527 2623 4601 ὅλου
2699 4607 2716 4622 ,
