3267 5450
552 482 601 544 §-
636 482 689 538 2.
766 481 850 536 De
887 458 1237 563 interloquiis
1274 478 1612 552 Aeschyleis
1649 487 1708 538 et
1742 480 2092 551 Sophocleis.
2431 478 2515 549 21

142 645 364 729 paucis
391 666 684 712 moneam
717 647 796 712 de
832 647 924 712 eis
949 667 1113 731 quae
1137 646 1223 713 ad
1262 648 1671 715 dividendum
1715 649 2023 734 adaptata
2065 668 2207 715 esse
2249 649 2509 715 videan-

142 752 260 828 tur,
306 746 389 811 de
432 747 690 830 reliquis
734 747 1018 813 omittam
1048 749 1398 833 ⁴quicquam
1442 749 1861 832 subiungere:
2619 743 2623 746 Α

313 853 370 912 1.
455 847 676 913 Aiacis
697 848 896 914 428ae
939 852 1241 914 trimetri:
1287 854 1509 915 cantus
1538 849 1755 914 Aiacis
1781 849 1864 914 ab
1886 849 2276 915 orationibus
2298 849 2513 915 Aiacis

140 952 206 1011 et
245 947 634 1012 Tecmessae
698 947 1076 1014 discernitur
1140 949 1385 1014 duobus
1445 942 1763 1036 trimetris
1815 947 2105 1014 iambicis
2173 950 2349 1016 chori
2411 950 2512 1015 vel

141 1046 575 1141 potiusaechori
621 1046 831 1126 ducis,
888 1049 1118 1130 quibus
1163 1049 1537 1130 intellegere
1589 1068 1659 1114 se
1703 1049 1860 1115 dicit
1899 1049 2111 1114 verbis
2154 1069 2282 1114 non
2322 1068 2513 1133 posse

142 1147 464 1212 consolari
488 1148 775 1212 Aiacem:
838 1147 1024 1215 οὗτοι
1058 1145 1121 1215 σ’
1162 1145 1530 1233 ἅπείργειν,
1573 1146 1720 1216 οὐδ’
1760 1147 1945 1226 ὅπως
1976 1144 2063 1216 ἐῶ·
2105 1151 2322 1232 λέγειν
2361 1146 2513 1232 ἔχω,

140 1253 372 1322 κακοῖς
413 1247 709 1314 τοιοῖσδε
753 1241 1295 1331 συμπεπτωκότα.

303 1347 369 1414 2.
457 1347 678 1412 Aiacis
717 1347 925 1414 525s:
976 1348 1286 1412 trimetri:
1328 1347 1409 1411 ab
1453 1346 1694 1413 eisdem
1738 1347 2129 1414 orationibus
2181 1348 2515 1414 intercludi

145 1446 391 1512 videtur
451 1446 904 1531 stichomythia
961 1466 1356 1529 consequens
1414 1447 1662 1512 duobus
1703 1449 2035 1514 versiculis
2095 1449 2269 1514 chori
2336 1448 2514 1514 ducis

143 1554 208 1612 ut
247 1548 635 1612 Tecmessae
706 1549 1090 1632 obsequatur
1133 1548 1313 1611 Aiaci
1360 1548 1775 1614 consulentis:
1839 1549 2050 1628 Αἴας,
2106 1546 2285 1632 ἔχειν
2329 1544 2387 1616 0²
2430 1547 2516 1614 ἂν

147 1645 368 1714 οἶκτον
393 1643 482 1725 ὥς
524 1644 704 1730 :edroi
749 1653 946 1734 φρενὶ
983 1645 1240 1732 θέλοιμ’
1284 1648 1388 1711 ἄν·
1435 1645 1688 1733 αἶνοίης
1727 1649 1854 1734 γὰρ
1898 1647 1985 1713 ἂν
2020 1649 2105 1714 τά
2147 1646 2324 1734 τῆςδ’
2366 1646 2514 1735 ἔπη.

309 1748 369 1815 3.
455 1749 673 1813 Aiacis
706 1750 974 1815 481ss2·
997 1751 1305 1813 trimetri:
1347 1748 1704 1832 interpositi
1735 1755 1882 1814 sunt
1902 1749 2067 1815 inter
2095 1749 2251 1835 ⁸illas
2282 1749 2513 1814 oratio-

148 1867 259 1913 nes
303 1855 604 1931 quattuor
631 1848 894 1913 trimetri
938 1848 1195 1913 iambici
1241 1869 1281 1913 a
1325 1848 1499 1913 chori
1535 1849 2239 1933 duce·pronuntiati·ut
2266 1850 2514 1914 se'nten·

145 1948 297 2012 tiam
363 1968 545 2013 suam
611 1955 810 2014 mutet
867 1949 1127 2015 Aiacem
1193 1949 1435 2014 oranti:
1502 1944 1724 2027 οὖδεὶς
1770 1944 1915 2035 ἐρέῒ
1951 2001 1965 2015 .
2013 2001 2027 2015 .
2074 2001 2088 2017 .
2131 1954 2406 2016 παῦσαί
2440 1972 2517 2031 γε

145 2050 372 2132 μέντοι
419 2049 550 2114 κτλ.
1967 2108 1980 2123 ,

307 2150 368 2212 4.
453 2148 674 2214 Aiacis
726 2149 924 2216 5832:
987 2151 1294 2214 trimetri:
1358 2154 1503 2232 post
1567 2149 1917 2214 orationem
1961 2149 2179 2214 Aiacis
2254 2148 2515 2215 chorus:

145 2243 390 2315 δέδοικ’
428 2245 695 2315 ἀκούων
726 2248 917 2335 τήνδε
940 2249 1060 2334 τὴν
1084 2254 1495 2334 προθυμίαν·
1542 2244 1622 2315 οὗ
1664 2249 1790 2336 γάρ
1825 2245 1890 2335 μ’
1937 2246 2208 2337 ἀρέσκει
2248 2243 2512 2331 γλῶσσά

146 2366 270 2413 σου
311 2351 702 2434 τεθηγμένη.

306 2447 367 2514 5.
452 2447 673 2514 Aiacis
699 2448 936 2515 1091s:
981 2449 1286 2513 trimetri:
1327 2447 1617 2513 Menelao
1663 2448 1770 2512 diu
1812 2444 2023 2513 locuto
2068 2467 2149 2513 ne
2192 2447 2519 2532 superbiat

150 2546 375 2612 suadet
420 2549 850 2633 coryphaeus:
891 2551 1225 2627 Μενέλαε,
1266 2549 1354 2634 μὴ
1400 2596 1415 2612 .
1465 2600 1477 2613 .
1521 2598 1535 2614 .
1579 2545 1887 2635 ὑβριστὴς
1930 2551 2106 2641 γένῃ.

313 2647 372 2714 6.
457 2648 679 2713 Aiacis
722 2649 964 2714 1118s:
1001 2651 1331 2714 trimetri:
1371 2649 1521 2714 item
1562 2648 1842 2715 Teucro:
1886 2645 2033 2715 οὐδ’
2074 2645 2162 2714 αὖ
2202 2647 2520 2732 τοιαύτην

146 2748 457 2828 γλῶσσαν
499 2745 574 2815 ἐν
614 2756 843 2825 κακοῒς
884 2751 1078 2835 φιλῶ.
1104 2745 1254 2816 ‘xvh

200 2843 209 2848 ”
308 2848 369 2916 7¹.
456 2850 678 2914 Aiacis
696 2849 933 2916 12648:
961 2851 1265 2914 trimetri:
1289 2854 1433 2933 post
1449 2849 1797 2913 orationem
1819 2846 2313 2931 Agamemnonis
2343 2851 2411 2910 ut
2431 2844 2514 2910 si·

148 2946 208 3011 bi
252 2954 605 3032 temperent
646 2955 859 3014 monet
902 2948 1163 3016 chorus:
1209 2947 1330 3014 εἴθ’
1381 2945 1541 3031 ὑμὶν
1575 2945 1835 3035 ἆμφοῖν
1879 2956 2034 3025 νοῦς
2074 2950 2336 3029 γένοιτο
2379 2947 2512 3013 κτλ.

307 3049 367 3114 8.
455 3049 675 3114 Aiacis
717 3050 953 3118 1316s:
998 3051 1303 3114 trimetri:
1343 3049 1570 3114 Teucri
1615 3049 1902 3114 oratione
1945 3048 2126 3112 finita
2169 3046 2510 3112 advenien-

147 3152 266 3210 tem
313 3147 566 3213 Ulixem
612 3151 970 3214 consalutat
1024 3149 1423 3232 coryphaeus
1484 3148 1729 3214 duobus
1775 3147 2073 3213 trimetris
2115 3146 2427 3222 iambicis,
2473 3165 2514 3210 a

147 3246 368 3328 quibus
413 3267 580 3312 nova
623 3269 859 3316 scaena
901 3249 1253 3326 exorditur:
1296 3249 1473 3327 ἅναξ
1510 3242 1865 3328 Ὀδυσσεῦ,
1908 3248 2149 3336 καιρὸν·
2186 3243 2325 3314 ἴσθ’
2371 3244 2511 3332 ἐλη-

144 3346 385 3424 λυθώς,
428 3348 567 3415 κτλ.
1120 3407 1133 3420 x

302 3446 364 3516 9.
451 3450 668 3513 Aiacis
711 3448 947 3516 1374s:
991 3449 1299 3514 trimetri:
1339 3449 1486 3512 item
1534 3466 1834 3513 scaenam
1858 3467 2022 3531 quae
2046 3447 2328 3530 sequitur
2368 3454 2515 3531 post

144 3535 643 3627 Agamemnonis
699 3548 940 3613 abitum
998 3547 1122 3614 duo
1185 3547 1715 3632 praegrediuntur
1758 3548 2052 3614 versiculi
2118 3547 2292 3614 chori
2336 3547 2510 3613 Ulixi

144 3646 380 3726 gratias
426 3647 702 3729 agentis:
765 3645 951 3726 ὅστις
994 3645 1087 3726 σ’,
1121 3646 1462 3726 Ὀδυσσεῦ,
1503 3647 1588 3733 μὴ
1632 3649 1809 3729 λέγει
1850 3647 2073 3738 γνώμῃ
2119 3652 2337 3747 σοφὸν
2380 3655 2511 3733 φῦ-

143 3768 253 3811 ναι
284 3748 425 3814 κτλ.
1066 3757 1087 3762 “
1484 3790 1491 3797 -

301 3846 397 3912 10.
460 3846 840 3933 xAntigonae
879 3846 1080 3914 278s:
1139 3845 1442 3912 trimetri:
1488 3852 1827 3930 postquam
1872 3852 2085 3911 custos
2128 3866 2290 3930 quae
2334 3845 2508 3911 facta

145 3952 348 4010 essent
390 3947 801 4026 renunciavit,
847 3945 1092 4010 duobus
1138 3947 1311 4012 chori
1358 3947 1646 4011 versibus
1689 3941 1816 4010 non
1864 3946 2000 4011 sine
2032 3946 2296 4011 deorum
2330 3946 2507 4010 auxi-

142 4041 223 4108 lio
260 4044 372 4109 illa
417 4046 704 4111 evenisse
748 4047 1136 4111 declarantis
1182 4045 1408 4130 (ὀίναξ,
1452 4041 1608 4131 ἐμοί
1642 4070 1750 4112 τοι
1789 4044 1874 4130 μή
1914 4070 1980 4111 τι
2023 4050 2137 4111 καὶ
2167 4044 2508 4128 θεήλατον

142 4145 294 4225 κτλ.)
351 4150 529 4209 tanta
572 4146 665 4210 ira
709 4146 916 4212 Creon
973 4147 1270 4211 incensus
1318 4152 1414 4210 est
1455 4152 1523 4209 ut
1578 4146 1936 4211 contionem
1982 4144 2248 4210 haberet
2291 4145 2501 4210 obiur-

143 4242 456 4322 gationum
500 4246 933 4328 minarumque
980 4248 1253 4329 plenam.
1322 4244 1464 4321 Qua
1504 4245 1685 4312 finita
1723 4246 1990 4309 alterum
2033 4245 2253 4330 incipit
2296 4253 2501 4311 custo·

143 4339 233 4405 dis
273 4350 333 4407 et
375 4343 664 4409 Creontis
710 4346 1106 4429 colloquium.
1198 4346 1378 4423 Quae
1424 4364 1564 4409 cum
1622 4344 1715 4409 ita
1758 4344 1918 4426 sint,
1983 4345 2064 4408 ab
2124 4345 2501 4429 interloquio

143 4438 244 4505 illo
283 4462 516 4516 novam
558 4463 835 4516 scaenae
876 4446 1254 4531 particulam
1298 4465 1422 4510 non
1469 4446 1626 4511 latet
1668 4443 1965 4511 exordiri.
