3267 5450
664 523 708 588 4
1199 536 1247 577 c.
1290 522 1329 576 1:
1388 520 1476 577 De
1520 520 1855 579 carminibus
1893 521 2048 579 chori
2084 521 2498 594 principalibus.

663 693 850 759 nimis
917 693 1164 778 exiguis
1221 692 1597 776 quibusdam
1643 693 1871 760 finibus
1913 693 2487 775 circumdederunt,
2551 713 2765 759 verum
2812 692 3042 774 etiam,

665 800 966 878 quantum
999 813 1120 878 ego
1153 792 1433 860 iudicare
1465 813 1745 879 possum,
1790 794 1993 860 falsis.
2056 796 2220 861 Nam
2270 796 2321 861 si
2368 796 2457 861 ita
2500 816 2601 861 res
2645 814 2787 861 sese
2831 794 3040 860 habe-

553 949 560 956 .
662 902 777 978 ret,
822 895 1010 961 etiam
1054 894 1120 961 in
1161 893 1415 960 flumine
1459 894 1821 979 rhythmum
1866 896 2036 961 cerni
2081 915 2345 962 necesse
2390 903 2581 976 esset,
2626 895 2777 978 quia
2811 896 3040 979 singu-

655 995 741 1063 lis
786 994 962 1061 horis
1005 995 1228 1060 eadem
1270 1014 1478 1077 aquae
1534 996 1723 1081 copia
1780 996 2337 1081 praetervolvitur,
2389 997 2538 1062 item
2583 995 2648 1060 in
2711 994 3039 1061 machinis

662 1097 726 1161 in
768 1096 889 1162 viis
933 1096 1103 1161 ferro
1146 1095 1361 1160 stratis
1407 1097 1663 1179 aequali
1706 1097 2026 1164 celeritate
2070 1118 2139 1164 se
2182 1096 2733 1183 promoventibuS,
2777 1115 3038 1162 necnon

662 1197 726 1262 in
769 1196 1120 1280 horologiis
1163 1197 1352 1262 certis
1390 1196 1767 1279 quibusdam
1797 1186 2097 1283 temporis
2132 1198 2481 1264 intervallis
2514 1197 2650 1264 sine
2683 1196 2812 1262 ulla
2835 1197 3035 1263 inter-

663 1297 963 1363 missione
998 1296 1265 1363 eundem
1300 1297 1478 1363 illum
1510 1317 1734 1364 sonum
1766 1299 2184 1365 efficientibus
2228 1320 2414 1383 quem
2449 1298 3034 1384 repetitum-reeen-

663 1397 877 1473 tiores¹
915 1397 1355 1464 consuevimus
1420 1397 1828 1466 denominare
1887 1401 2095 1466 tictac.
2182 1400 2363 1478 Quae
2405 1401 2468 1464 in
2513 1399 2612 1464 his
2658 1400 3038 1483 agnoscitur

662 1500 760 1567 vis
805 1499 1036 1585 quippe
1082 1518 1208 1581 qua
1254 1499 1410 1565 ordo
1453 1497 1805 1585 temporum
1848 1521 1973 1566 non
2016 1507 2147 1567 tam
2189 1500 2473 1566 turbetur
2515 1519 2702 1582 quam
2752 1500 3035 1565 cumule-

661 1608 761 1667 tur
802 1600 1223 1682 aequabilitas
1280 1605 1556 1665 motuum
1616 1600 1742 1665 dici
1799 1601 2017 1684 debet,
2087 1599 2447 1685 rhythmum
2491 1600 2683 1684 igitur
2744 1608 2811 1665 ut
2851 1599 3037 1665 aliud

663 1699 906 1783 aliquid
970 1706 1259 1784 putemus
1323 1701 1686 1765 necessario
1751 1700 2071 1767 evincitur.
2180 1699 2310 1766 Sed
2374 1720 2454 1766 ne
2491 1701 2725 1767 cmultis
2788 1720 3035 1766 morer:

661 1801 813 1889 quid
857 1800 939 1866 sit
979 1800 1309 1884 rhythmus
1351 1801 1709 1884 nemodum,
1755 1802 1923 1885 quod
1967 1802 2261 1885 equidem
2304 1801 2589 1885 legerim,
2632 1801 2840 1867 lucide
2885 1802 3033 1866 bre-

661 1904 945 1985 viterque
1022 1900 1336 1984 definivit,
1419 1900 1757 1987 descripsit
1820 1910 1988 1969 reete
2047 1911 2109 1969 et
2175 1901 2357 1985 quasi
2436 1902 2758 1968 enarravit
2851 1902 3035 1967 solus

664 2002 1000 2070 Vitruvius.
1086 2002 1253 2066 Nam
1299 2002 1466 2085 quod
1511 2003 1927 2088 eurythmiam
1973 2004 2081 2087 ait,
2125 2003 2280 2068 nihil
2327 2001 2410 2067 ad
2451 2023 2618 2084 rem;
2672 2002 2811 2086 quis
2856 2003 3032 2068 enim

661 2125 787 2171 non
831 2088 1404 2186 videt‘eurythmia
1454 2102 1628 2168 idem
1675 2125 1817 2170 eum
1874 2114 2157 2170 notatum
2199 2105 2478 2170 voluisse
2525 2104 2693 2186 quod
2738 2112 3033 2169 caeteros

661 2206 794 2272 fere
823 2203 1167 2289 rhythmo?
1211 2204 1380 2269 Dicit
1422 2212 1629 2271 autem
1674 2205 1783 2271 ille
1826 2206 1988 2275 haec
2027 2206 2131 2288 VI,
2173 2206 2232 2282 2,
2277 2207 2351 2272 5:
2408 2204 2646 2287 „Igitur
2687 2202 3033 2274 statuenda

662 2312 759 2371 est
800 2304 1067 2388 primum
1113 2304 1273 2370 ratio
1300 2296 1827 2389 symmetriarum,
1871 2326 1912 2370 a
1955 2325 2081 2388 qua
2124 2312 2406 2372 sumatur
2449 2306 2585 2371 sine
2606 2372 2610 2378 ,
2631 2304 3029 2370 dubitatione

663 2404 1105 2488 commutatio;¹
1169 2404 1397 2471 deinde
1443 2407 1791 2491 explicetur
1836 2406 2046 2491 operis
2090 2406 2278 2475 futuri
2322 2406 2604 2472 locorum
2641 2405 2834 2471 imum
2877 2425 3027 2487 spa.-

662 2507 813 2572 tium
856 2503 1269 2589 longitudinis
1314 2513 1376 2571 et
1417 2504 1768 2581 latitudinis
1781 2556 1799 2589 ,
1861 2553 1876 2571 .
1925 2555 1939 2570 .
1987 2560 2002 2574 .
2069 2513 2370 2590 sequatur
2414 2526 2555 2572 eam
2598 2504 3027 2591 proportionis

662 2606 746 2672 ad
791 2607 1083 2673 decorem
1129 2606 1483 2690 apparitio,
1547 2607 1639 2673 uti
1682 2627 1806 2673 non
1849 2607 1933 2672 sit
1975 2606 2518 2673 considerantibus
2577 2612 2873 2691 aspectus
2918 2624 3024 2670 eu·

664 2707 976 2792 rythmiae
1020 2705 1267 2773 dubius.
1356 2705 1452 2773 cf.
1501 2707 1605 2789 VI,
1652 2708 1711 2789 2,
1754 2708 1798 2774 4
1852 2728 1977 2796 non
2039 2716 2189 2795 puto
2245 2714 2536 2793 oportere
2580 2726 2722 2774 esse
2765 2704 3025 2784 dubium
3118 2793 3124 2797 ,

665 2810 816 2892 quin
860 2808 944 2872 ad
987 2809 1268 2873 locorum
1311 2815 1573 2874 naturas
1617 2816 1727 2874 aut
1767 2809 2180 2876 necessitates
2212 2811 2625 2875 detractiones
2669 2815 2776 2874 aut
2817 2808 3023 2875 adiec-

662 2912 858 2975 tiones
899 2906 1037 2973 fieri
1081 2907 1392 2974 debeant“

828 3009 944 3074 Est
999 3009 1191 3092 igitur
1254 3008 1588 3091 rhythmus
1650 3010 1913 3095 perinde
1992 3031 2069 3077 ac
2137 3010 2504 3094 symmetria
2556 3008 2654 3075 vis
2711 3010 3022 3092 quaedam

663 3110 950 3176 formalis
990 3110 1092 3175 vel
1135 3108 1364 3175 idealis
1434 3129 1596 3192 quae
1655 3131 1780 3177 non
1838 3112 1962 3177 nisi
2006 3113 2070 3176 in
2113 3110 2381 3177 materia
2424 3110 2831 3198 conspicitur,
2895 3128 3021 3175 non

661 3210 868 3278 minus
911 3209 1121 3278 varia.
1156 3216 1346 3294 atque
1398 3212 1728 3296 multiplex
1786 3232 1976 3295 quam
2031 3211 2176 3296 ipsa
2233 3210 2520 3286 materia.
2605 3210 2770 3285 Illud
2813 3213 3018 3284 autem
3067 3255 3072 3258 -

661 3310 968 3378 interesse
1014 3310 1164 3376 mihi
1190 3310 1436 3378 videtur
1477 3311 1642 3378 inter
1683 3313 2112 3397 symmetriam
2155 3319 2219 3378 et
2260 3312 2618 3396 rhythmum
2651 3310 2820 3396 quod
2863 3311 3023 3377 haec

662 3410 1177 3477 mathematicam
1242 3412 1561 3494 quandam
1626 3413 1906 3496 sequitur
1970 3403 2308 3495 rationem,
2371 3412 2480 3478 ille
2536 3430 2660 3477 non
2719 3412 3016 3496 sequitur,

662 3512 853 3577 immo
908 3510 1196 3577 immutat
1237 3512 1579 3582 secundum
1623 3520 1830 3580 certas
1873 3513 2177 3580 mathesis
2229 3513 2407 3597 leges
2450 3512 2844 3578 distributam
2888 3532 3017 3577 ma·

663 3612 890 3678 teriam
934 3611 1025 3677 ita
1067 3618 1133 3677 ut
1195 3615 1517 3680 venustior
1561 3615 1870 3681 efficiatur
1912 3615 2252 3699 perceptio.
2341 3612 3016 3696 Quamobrem‘rhyth-

666 3733 836 3777 mum
895 3712 989 3778 sic
1042 3712 1301 3780 definire
1344 3715 1493 3781 licet
1534 3723 1601 3781 ut
1651 3716 1990 3783 iucundam
2035 3735 2176 3781 eum
2221 3712 2692 3797 aequabilitatis
2737 3714 3016 3784 dicamus

666 3815 1230 3879 commutationem.
1320 3814 1523 3881 Simili
1580 3818 1772 3883 modo
1828 3835 2071 3890 meeum
2126 3816 2193 3881 in
2249 3814 2702 3882 constituendis
2745 3814 3016 3899 rhythmi

665 3913 895 3979 finibus
939 3913 1286 3980 Vitruvium
1336 3925 1589 3984 secutus
1647 3925 1745 3984 est
1784 3917 2355 3991 HenricusBrunn
2396 3915 2461 3980 in
2504 3915 2786 3981 Historia
2828 3914 3012 3996 artifi-

667 4035 807 4080 cum
849 4013 899 4096 Ι,
945 4015 1085 4083 137.
1153 4016 1276 4082 Hic
1317 4016 1398 4088 de
1440 4028 1612 4084 recte
1656 4017 2029 4084 definiendis
2073 4037 2214 4083 cum
2259 4017 2401 4082 aliis
2447 4023 2575 4081 tum
2619 4016 2718 4081 his
2763 4016 2843 4083 de
2890 4017 3015 4099 qui-

667 4116 784 4180 bus
828 4115 1222 4200 disputamus
1266 4117 1454 4184 rebus
1487 4118 1876 4184 dubitantem
1907 4138 2026 4200 me,
2070 4138 2516 4201 nonnunquam
2561 4117 2750 4182 etiam
2793 4136 3011 4202 prope-

664 4215 919 4282 modum
963 4214 1403 4302 desperantem
1447 4220 1779 4303 colloquiis
1824 4239 1950 4302 qua
1989 4220 2154 4285 solet
2206 4237 2349 4284 esse
2391 4209 2790 4283 humanitate·
2817 4218 3014 4289 erexit

658 4315 910 4381 'adiuvit
932 4314 1016 4380 ad
1050 4336 1251 4390 novas
1275 4307 1692 4404 cogitationes
1718 4319 2070 4387 concitavit.
2114 4318 2172 4384 N
2178 4338 2251 4386 ec
2276 4318 2481 4384 minus
2505 4319 2745 4403 profeci
2770 4319 3012 4406 seriptis

668 4437 832 4501 quae
874 4418 940 4483 in
983 4418 1187 4484 lucem
1229 4423 1627 4505 protulerunt
1667 4420 1878 4488 Christ
1918 4420 2354 4506 Myriantheus
2400 4418 2730 4486 Wecklein
2751 4420 3013 4487 Arnoldt

669 4520 879 4611 Hense
924 4518 1092 4589 Muff.
1164 4522 1262 4586 Ex
1303 4522 1542 4607 quibus.
1577 4521 1872 4604 Christio,
1916 4523 2140 4588 harum
2181 4542 2389 4590 rerum
2432 4521 3010 4607 intellegentissimo
