3267 5450
735 524 819 594 36
1389 539 1435 584 c.
1474 524 1545 584 11.
1618 526 1703 583 De
1735 524 1996 598 partibus
2035 526 2427 599 episodiorum.

736 695 1073 779 generales
1121 701 1220 760 est
1264 695 1627 780 dispertita:
1673 698 1873 762 altera
1918 718 1997 762 ex
2039 697 2284 763 duabus
2330 704 2576 763 constat
2617 697 2872 763 scaenis
2915 715 3105 780 pecu·

738 796 1034 879 Haribus,
1089 797 1152 860 in
1210 817 1472 880 quarum
1521 800 1731 882 prima
1774 835 1843 844 -
1911 798 2068 865 1021
2116 798 2622 881 Clytaemnestra
2664 799 2799 882 agit
2844 805 2908 863 et
2960 797 3105 863 cho·

740 917 846 962 rus
889 904 1136 962 tacente
1182 897 1530 978 Casandra,
1576 899 1640 962 in
1684 899 1955 967 secunda
1994 933 2079 944 —-
2146 900 2307 965 1284
2360 906 2691 993 postquam
2756 900 2914 965 abiit
2963 897 3107 980 Cly-

736 1004 1137 1078 taemnestra,
1183 998 1411 1064 chorus
1457 1006 1520 1064 et
1562 998 1919 1078 Casandra3
1974 997 2192 1063 horum
2238 1006 2444 1064 autem
2492 999 2656 1073 actio
2700 1000 2860 1064 duas
2906 999 3109 1064 habet

736 1104 970 1182 partes,
1016 1099 1305 1165 melicam
1336 1110 1400 1165 et
1442 1100 1752 1165 lecticam.
1811 1099 2026 1163 Altera
2058 1118 2293 1164 scaena
2323 1101 2659 1182 generalis,
2705 1120 2871 1183 quae
2909 1099 3112 1164 inter·

737 1198 1055 1264 scaenium
1103 1200 1219 1283 (4.)
1264 1200 1576 1282 sequitur,
1641 1201 1790 1264 item
1846 1200 2124 1285 continet
2171 1199 2335 1265 duas
2393 1220 2661 1265 scaenas
2722 1200 3108 1285 peculiares,

736 1319 997 1382 quarum
1043 1290 1245 1365 alte‘ra
1301 1303 1515 1382 (tertia
1554 1339 1641 1348 —
1684 1300 1870 1381 1547)
1918 1299 2459 1383 Clytaemnestrac
2522 1307 2586 1366 et
2629 1302 2803 1367 chori
2850 1301 3107 1366 actione

739 1400 1109 1482 continetur,
1156 1401 1358 1464 altera
1403 1402 1663 1484 (quarta
1704 1438 1783 1448 —
1840 1401 2022 1482 1644)
2068 1401 2172 1465 ubi
2216 1401 2475 1465 advenit
2505 1402 2869 1485 Aegisthus,
2913 1402 3106 1466 huius

737 1508 799 1566 et
843 1499 1016 1566 chori
1060 1508 1122 1567 et
1165 1499 1741 1584 Clytaemnestrae,
1804 1522 1964 1585 quae
2010 1501 2074 1566 in
2117 1503 2491 1585 proscaenio
2535 1510 2959 1567 remanserat:
3025 1501 3106 1567 cf.

735 1601 1055 1666 Hermann
1124 1601 1206 1665 ad
1267 1602 1458 1681 1594,
1523 1602 1741 1685 Enger
1797 1601 1879 1666 ad
1937 1603 2098 1669 1627
2156 1600 2367 1695 (aliter
2426 1602 2836 1668 Schoenborn
2883 1602 3105 1668 Skene

739 1702 880 1785 166,
924 1701 1357 1785 Myriantheus
1401 1704 1531 1784 45).
1617 1703 1843 1768 Divisa
1887 1711 2095 1768 autem
2158 1711 2255 1768 est
2298 1703 2460 1768 haec
2518 1722 2753 1768 scaena
2797 1704 2861 1768 in
2908 1702 3104 1786 parti-

736 1805 910 1868 culas
954 1802 1112 1868 duas
1155 1811 1353 1868 metro
1411 1811 1649 1868 mutato
1694 1804 1850 1868 satis
1894 1804 2242 1869 luculenter
2281 1802 2601 1885 signatas:
2667 1806 2872 1868 altera
2913 1804 3103 1880 enim,

737 1904 833 1969 cui
897 1904 1100 1968 oratio
1141 1903 1432 1987 Aegisthi
1496 1912 1564 1969 ut
1624 1903 2010 1990 prooemium
2070 1904 2423 1988 praemissa
2481 1912 2606 1987 est,
2675 1924 2754 1969 ex
2811 1903 3105 1969 iambicis

732 2004 1019 2069 versibus
1074 2017 1173 2069 est
1216 2004 1596 2089 composita,
1663 2006 1864 2070 altera
1907 2005 2161 2089 epilogo
2207 1995 2750 2086 Clytaemnestrae
2798 2005 3104 2069 conclusa
3197 2016 3204 2021 “

737 2124 817 2169 ex
859 2104 1221 2170 trochaicis·

899 2204 958 2271 6.
1049 2204 1462 2286 Choephoroe.

898 2303 1208 2390 Proloyus
1244 2308 1658 2390 (corruptus).
1748 2304 2008 2370 Orestes
2052 2305 2224 2370 solus
2270 2304 2560 2387 loquitur.

896 2405 947 2470 Ι.
1030 2405 1403 2490 Episodium
1433 2408 1714 2491 primum
1755 2405 1838 2473 77
1851 2407 2062 2470 -572.
2127 2405 2272 2471 Una
2313 2424 2547 2469 scaena
2576 2404 2900 2488 generalis
2930 2424 3100 2469 com-

732 2525 899 2571 mum
933 2507 1365 2591 complectitur
1394 2515 1456 2573 et
1493 2515 1622 2572 tres
1658 2526 1928 2571 scaenas
1958 2506 2331 2589 peculiares,
2351 2525 2632 2589 *quarum
2667 2525 2796 2568 una
2819 2504 3100 2568 adventu

736 2608 882 2672 novi
929 2608 1161 2692 actoris
1205 2608 1549 2690 clauditur,
1617 2607 1821 2672 altera
1864 2615 1926 2672 et
1984 2608 2170 2672 tertia
2233 2626 2372 2670 cum
2439 2625 2683 2671 commo
2728 2604 3100 2688 interposito

661 2721 666 2730 '
738 2707 1280 2775 coniunctionibus
1346 2709 1710 2775 dramaticis
1783 2709 1881 2790 (B.
1925 2709 1982 2776 7.
2039 2713 2102 2774 et
2145 2708 2221 2771 A.
2265 2707 2354 2791 7.)
2422 2706 2781 2790 iunguntur.
2879 2705 3102 2771 Prima

737 2815 947 2874 autem
992 2829 1228 2874 scaena
1272 2848 1346 2858 —
1417 2810 1539 2878 203
1584 2811 1873 2894 Electrae
1941 2828 2079 2873 cum
2135 2809 2327 2873 choro
2388 2808 2703 2891 colloquio
2753 2807 3100 2885 conficitur,

736 2911 1043 2975 secundae
1084 2949 1166 2958 —
1202 2911 1325 2980 297
1372 2911 1479 2993 (cf.
1524 2910 1671 2974 adn.
1716 2910 1800 2973 ad
1843 2910 2125 2993 tabulas)
2172 2911 2376 2993 prima
2419 2909 2734 2992 particula
2787 2907 3104 2991 colloquio

741 3012 985 3078 Orestis
1030 3018 1093 3076 et
1135 3012 1441 3093 Electrae,
1487 3010 1765 3076 secunda
1806 3009 1980 3075 chori
2024 3019 2086 3074 et
2128 3009 2371 3074 Orestis
2413 3012 2580 3091 item,
2625 3009 2808 3073 tertia
2856 3007 3103 3074 Orestis

708 3112 1046 3178 oratione.
1135 3112 1367 3184 Commi
1430 3113 1536 3195 qui
1594 3112 1872 3194 sequitur
1922 3148 2019 3170 —.
2065 3110 2188 3177 465
2251 3111 2591 3193 participes
2656 3116 2800 3174 sunt
2843 3108 3105 3174 Orestes

600 3295 613 3304 ·
740 3214 995 3280 Electra
1038 3214 1284 3279 chorus.
1365 3212 1580 3277 Tertia
1621 3211 1890 3294 denique
1934 3229 2169 3275 scaena
2210 3247 2305 3280 —.
2331 3211 2456 3276 571
2501 3210 2723 3274 intres
2755 3209 3106 3293 particulas

744 3322 839 3380 est
881 3315 1121 3397 divisa,
1175 3333 1436 3398 quarum
1481 3333 1605 3377 una
1650 3311 2027 3394 colloquium
2074 3312 2349 3375 continet
2394 3309 2636 3375 Orestis
2683 3315 2747 3374 et
2789 3310 3105 3392 Electrae,

744 3416 946 3482 altera
983 3416 1132 3480 item
1179 3414 1355 3481 chori
1400 3420 1462 3478 et
1506 3412 1769 3493 Orestis,
1813 3411 2001 3476 tertia
2045 3411 2290 3476 Orestis
2333 3411 2700 3476 orationem.
2801 3459 2804 3462 .

910 3516 993 3581 ΙΙ.
1037 3514 1406 3602 Efflsodium
1447 3514 1782 3579 secundum
1821 3513 2151 3580 634-763
2203 3532 2281 3578 ex
2344 3512 2591 3577 duabus
2639 3515 2889 3577 constat
2930 3529 3104 3575 scae·

743 3616 845 3682 nis
889 3617 1293 3700 generalibus
1338 3616 1757 3680 interscaenio
1818 3614 1939 3698 (5.)
2005 3612 2293 3690 secretis,
2360 3631 2621 3694 quarum
2657 3612 2884 3676 -altera
2948 3611 3107 3677 duas

749 3717 1222 3803 comprehendit
1283 3735 1551 3784 scaenas
1615 3716 2000 3799 peculiares,
2070 3714 2272 3778 altera
2331 3731 2539 3778 unam.
2626 3714 2830 3795 Atque
2886 3714 3108 3794 prima

749 3838 985 3886 scaena
1019 3835 1091 3865 -4-
1124 3818 1264 3895 648,
1307 3836 1469 3901 quae
1513 3816 1661 3881 novi
1679 3813 1925 3879 ‘actoris
1952 3814 2211 3879 introitu
2234 3814 2624 3894 terminatur,
2670 3812 2917 3877 duabus
2964 3832 3106 3897 par·

748 3919 957 3986 ticulis
1001 3919 1384 3995 continetur,
1452 3917 1749 4000 quoniam
1803 3915 1867 3978 in
1931 3913 2239 3998 principio
2286 3913 2546 3979 Orestes
2591 3913 2763 3978 solus
2805 3912 2872 3976 in
2921 3912 3108 3995 logeo

749 4026 1035 4086 versatur
1077 4019 1351 4102 agitque,
1398 4020 1459 4082 in
1504 4018 1675 4081 exitu
1718 4034 1868 4081 vero
1911 4014 2077 4079 idem
2120 4023 2183 4079 et
2226 4033 2466 4080 servus.

916 4120 1205 4185 Secunda
1245 4155 1326 4164 —
1368 4116 1491 4185 699
1555 4120 1804 4179 constat
1867 4135 1947 4180 ex
1990 4114 2530 4198 Clytaemnestrae
2603 4119 2666 4179 et
2707 4111 2956 4177 Orestis
3015 4131 3110 4177 ac·

753 4221 953 4304 tione;
999 4216 1480 4284 interscaenium
1525 4216 1640 4296 (5.)
1685 4214 1850 4296 quod
1890 4215 2169 4297 sequitur
2211 4250 2295 4260 —
2332 4214 2458 4281 710
2499 4212 2940 4279 coniunctione
2971 4212 3110 4277 dra-

753 4322 986 4386 matica
1028 4322 1128 4405 (A.
1173 4320 1263 4400 8.)
1333 4338 1470 4383 cum
1514 4317 1704 4380 tertia
1746 4351 1825 4361 —
1866 4314 1989 4383 763
2035 4312 2348 4398 iungitur,
2418 4332 2581 4406 quae
2625 4332 2705 4379 ex
2746 4311 3012 4378 nutricis
3056 4319 3115 4378 et

758 4422 932 4487 chori
976 4418 1289 4501 colloquio
1333 4416 1637 4483 consistit.

922 4518 1037 4586 111.
1121 4517 1279 4602 Epis
1255 4518 1495 4581 odium
1530 4517 1781 4580 tert-ium
1821 4514 2021 4583 831-
2029 4515 2151 4583 927
2194 4512 2615 4580 interscaenio
2661 4511 2792 4601 (6.)
2842 4512 2907 4578 in
2957 4513 3114 4579 duas
