3267 5450
1063 468 1135 532 II.
1194 462 1568 546 'Compendia.
2036 432 2040 436 >
2337 508 2344 515 ,
2404 460 2487 540 81

945 660 1044 743 11.
1151 660 1678 762 compendia

571 817 796 899 quibus
839 834 991 884 usus
1033 836 1171 883 sum
1212 817 1277 882 in
1319 817 1555 884 tabulis
1598 812 2068 902 componendis,
2143 798 2152 807 ’

164 975 226 1038 A.
266 971 328 1035 B.
374 970 443 1035 C.
490 998 573 1028 =
562 983 886 1037 scaenae
929 972 1282 1056 generales.

167 1076 210 1138 1
249 1073 298 1137 2.
344 1071 403 1138 3.
483 1097 568 1127 =
611 1079 884 1139 scaenae
931 1073 1363 1158 particulares,

162 1194 208 1237 a.
245 1174 297 1236 b.
341 1192 392 1238 c.
478 1199 562 1229 =
603 1173 951 1256 particulae
993 1194 1384 1257 scaenarum.

163 1282 212 1339 α’
255 1270 340 1360 [x]
481 1301 568 1332 =
607 1274 1109 1340 interscaenium.

159 1373 239 1457 -Ι-
274 1393 314 1436 x
354 1382 452 1450 -ι-
478 1403 565 1433 =
610 1374 964 1441 coniunctio
1007 1375 1375 1441 dramatica.

160 1474 266 1557 (X)
479 1501 568 1533 ==
609 1474 1070 1558 interloquium.

163 1575 184 1659 [
442 1658 448 1663 ·
481 1602 570 1633 =
611 1576 898 1642 transitio
940 1596 1068 1660 qua
1111 1576 1416 1642 adventus
1462 1574 1696 1641 actoris
1737 1572 2071 1638 indicatur.

159 1678 258 1756 (A)
481 1714 575 1744 =
618 1675 841 1741 histrio
885 1679 939 1741 A
984 1676 1092 1760 qui
1135 1697 1176 1743 a
1231 1675 1692 1764 spectatoribus
1750 1694 1876 1740 non
1919 1671 2317 1777 conspicitur

154 1771 243 1842 ἐπ.
482 1811 575 1841 =
617 1776 905 1843 introitus
948 1778 1199 1846 actoris.

152 1874 253 1962 ἄφ.
479 1916 573 1945 =
616 1874 932 1943 discessus
975 1877 1316 1944 histrionis.

153 2014 212 2022 —
255 1983 398 2060 post
434 1975 539 2041 Εν
582 1980 672 2066 τῶ
712 1980 944 2068 λονείῳ
989 2015 1082 2045 =
1124 1979 1360 2046 nullum
1404 1976 1632 2061 adesse
1676 1973 1995 2059 significat
2038 1971 2426 2090 histrionem.

150 2076 179 2142 3
477 2094 571 2124 =
615 2085 743 2145 tres
784 2081 1047 2146 trimetri
1089 2079 1360 2146 iambici.

477 2218 571 2248 =
615 2178 879 2245 dimidia
919 2180 1053 2247 fere
1099 2199 1270 2267 pars.

468 2315 561 2345 =
605 2286 830 2362 quarta
871 2282 1004 2348 fere
1047 2302 1220 2366 pars.

26 2426 27 2437 ,
480 2415 572 2445 =
614 2386 754 2457 tres
787 2382 920 2449 fere
962 2390 1235 2469 partes.‘

248 2478 295 2499 ⁸·
475 2496 570 2526 =
612 2501 726 2547 sex
768 2486 1111 2551 tetrametri
1154 2485 1480 2552 trochaici.

477 2597 572 2627 =
614 2589 906 2665 quattuor
949 2585 1195 2652 dimetri
1241 2586 1654 2672 anapaestici.

21 2636 75 2808 >
139 2677 198 2744 2²
476 2717 570 2747 =
615 2682 739 2749 duo
781 2687 1150 2754 monometri
1195 2687 1607 2773 anapaestici.

143 2778 242 2863 [12
478 2818 573 2849 =
615 2784 947 2853 duodecim
990 2779 1250 2856 trimetri
1297 2797 1406 2857 aut
1445 2791 1981 2858 interiectionibus
2022 2796 2132 2856 aut
2171 2789 2314 2856 aliis
2357 2808 2483 2856 me-

22 2943 23 2948 .
687 2889 801 2954 tris
846 2889 1043 2954 mixti.
1116 2939 1121 2945 .

22 2955 25 3008 ἱ
140 2979 250 3071 [12]
296 3012 360 3069 μ.
473 3024 568 3054 =
612 2988 941 3058 duodecim
1004 3010 1226 3057 versus
1257 2991 1510 3075 melici,
1567 2991 1610 3056 i.
1658 3010 1713 3056 e.
1757 3010 1877 3055 nec
1916 2990 2180 3057 trimetri
2221 2988 2477 3055 iambici

682 3110 801 3157 nec
856 3092 1198 3157 tetrametri
1255 3094 1558 3159 trochaici
1617 3112 1737 3159 nec
1790 3091 2043 3158 dimetri
2096 3096 2206 3156 aut
2261 3109 2475 3156 mono·

681 3193 862 3258 metri
904 3193 1315 3278 anapaestici.

134 3292 147 3356 1
471 3328 565 3360 =
607 3291 958 3360 interiectio
1000 3314 1162 3377 quae
1207 3295 1270 3359 in
1313 3314 1535 3360 versus
1577 3295 1784 3361 locum
1826 3294 2130 3362 succedit.

134 3394 212 3478 (l)
470 3429 564 3460 --...-
606 3393 956 3461 interiectio
994 3400 1176 3460 extra
1208 3414 1532 3461 numerum
1574 3413 1867 3461 versuum
1905 3398 2132 3482 posita.
2192 3396 2351 3479 (NB.
2387 3396 2474 3462 in-

382 3488 386 3493 ’
674 3495 1073 3561 teriectiones
1117 3514 1242 3560 non
1288 3496 1541 3579 respexi
1596 3496 1719 3561 nisi
1762 3517 1924 3581 quae
1969 3496 2368 3563 inveniuntur
2411 3497 2476 3562 in

671 3596 897 3663 lectica
940 3596 1245 3662 dramatis
1287 3603 1494 3681 parte,
1538 3596 1578 3662 i.
1625 3616 1681 3661 e.
1724 3596 1789 3662 in
1834 3598 2180 3680 trimetris.)

125 3697 153 3762 2
442 3719 536 3751 =
581 3697 893 3764 excidisse
935 3697 1176 3780 aliquot
1214 3716 1437 3764 versus
1477 3696 1780 3762 indicant.

125 3796 190 3861 Ρ*
450 3836 543 3865 =
726 3844 757 3880 „
1053 3846 1084 3882 „
1210 3841 1231 3848 ..
1323 3845 1353 3880 „
1483 3797 1714 3863 iniuria
1755 3805 2051 3864 statuunt.

122 3898 162 3982 †
447 3916 541 3948 ==
584 3900 824 3984 aliquot
864 3918 1083 3965 versus
1127 3898 1432 3964 delendos
1476 3906 1749 3965 censent.

119 4002 194 4078 †*
446 4018 541 4048 =
680 4048 711 4085 „
939 4047 970 4084 „
1239 4047 1270 4084 „
1464 4000 1696 4066 iniuria
1739 3998 2139 4065 arbitrantur.

118 4101 152 4138 '¹‘
443 4118 537 4148 =
580 4101 673 4168 sic
715 4108 886 4168 recte
930 4101 1332 4167 constitutum
1376 4102 1638 4168 videtur.

119 4199 384 4286 (1:21)
441 4220 536 4250 ==
578 4202 944 4286 symmetria
988 4221 1202 4268 eorum
1247 4201 1353 4284 qui
1395 4202 1459 4266 in
1503 4200 1881 4288 proscaenio
1924 4205 2271 4266 versantur.

281 4302 407 4368 Vix·
441 4304 820 4380 monendum
861 4302 1108 4368 videtur
1163 4321 1288 4368 non
1334 4323 1551 4370 omnes
1607 4302 1688 4382 de
1734 4301 1958 4386 quibus
2001 4319 2194 4384 supra
2237 4286 2477 4364 dictum

115 4408 209 4467 est
268 4404 661 4488 symmetrias
724 4411 984 4490 propter
1040 4403 1242 4498 spatii·
1295 4404 1706 4490 exiguitatem
1761 4403 1826 4467 in
1887 4401 2128 4467 tabulis·
2184 4400 2466 4487 potuisse

112 4500 431 4569 delineari.

102 4603 113 4614 '
163 4605 560 4664 Oehmichxem
590 4606 647 4680 de
673 4617 815 4659 comp.
846 4606 956 4659 epis.
980 4608 1017 4647 1.
1612 4627 1615 4630 -
2001 4603 2042 4674 6
