3267 5450
676 493 758 559 16
1314 507 1360 547 c.
1401 492 1453 550 2.
1526 492 1613 549 De
1651 489 1904 563 partibus
1941 489 2336 561 cpisodiorum.

676 663 875 747 gitur,
941 683 1067 729 non
1133 668 1287 748 apta
1350 670 1447 728 est
1501 661 1585 728 ad
1628 663 2028 747 separandas
2071 661 2344 747 episodii
2386 669 2620 748 partes.
2706 661 2909 726 Aliter
2950 679 3030 729 se
3085 723 3102 739 ,

626 814 633 831 1
674 783 779 830 res
831 764 1026 830 habet
1080 764 1146 829 in
1204 764 1509 847 caeteris,
1577 784 1772 847 quare
1835 764 1915 829 de
1972 763 2074 829 his
2130 763 2397 847 singulis
2464 762 2765 846 deinceps
2830 761 3039 827 disse-

676 885 902 932 remus.

730 1069 800 1164 §.
864 1072 931 1140 1.·
1007 1060 1186 1168 De
1232 1058 1916 1153 interscaeniis
1965 1058 2596 1164 Aeschyleis
2647 1064 2750 1139 et
2798 1018 2985 1139 So-

1617 1150 2085 1278 phoeleis.

845 1360 1034 1427 Solus
1077 1360 1216 1444 agit
1259 1361 1487 1425 chorus
1531 1362 1596 1425 in
1640 1360 1899 1445 parodis
1957 1359 2274 1445 plerisque
2334 1366 2396 1424 et
2438 1358 2743 1436 stasimi8‚
2803 1357 3039 1440 quibus

681 1462 905 1526 drama
947 1460 1013 1525 in
1058 1460 1347 1545 episodia
1389 1461 1708 1545 dispertiri
1754 1469 1899 1526 ante
1945 1463 2161 1527 oculos
2206 1462 2390 1531 situm
2436 1465 2550 1539 est,
2591 1466 2925 1543 praeterea
2969 1459 3042 1525 in

680 1561 984 1647 episodiis
1027 1560 1516 1644 quotiescunque
1562 1563 1839 1626 substitit
1882 1563 2333 1646 aliquantulum
2382 1561 2548 1625 actio
2590 1559 2887 1625 scaenica
2929 1577 3037 1623 ac-

682 1671 975 1744 toresque
1030 1668 1140 1725 aut
1208 1681 1285 1726 ex
1340 1663 1526 1745 logeo
1571 1661 2005 1727 discesserunt
2046 1670 2155 1728 aut
2195 1648 2592 1728 remanentes
2637 1658 3070 1743 cogitationi··

679 1763 797 1828 bus
857 1761 1046 1828 defixi
1109 1761 1567 1839 obmutuerunt.
1668 1763 1803 1826 Has
1862 1763 2037 1828 chori
2103 1764 2384 1829 actiones
2453 1761 2677 1844 quibus
2744 1758 3040 1844 episodia

683 1862 1124 1941 describantur
1188 1862 1254 1928 in
1319 1881 1588 1928 scaenas
1652 1854 2075 1929 i'nterscaenia
2136 1861 2449 1948 appellari
2503 1870 2785 1948 praestat
2844 1879 3037 1943 quam

680 1965 1184 2048 hyporchemata
1253 1962 1633 2048 episodialia
1698 1983 1985 2047 quaeque
2051 1975 2305 2050 praeter
2374 1984 2452 2032 ea
2519 1960 3039 2028 commendantur

680 2066 976 2145 nomina,
1047 2064 1196 2148 quia
1254 2065 1412 2130 haec
1462 2073 1524 2130 et
1562 2067 1961 2148 ‚angustiora
2016 2073 2160 2131 sunt
2212 2085 2328 2131 nec
2378 2065 2593 2150 planev
2634 2060 3041 2127 satisfaciunt

680 2174 1070 2251 argumento.

844 2267 986 2334 Huc
1056 2264 1321 2351 primum
1378 2265 1715 2332 referenda
1776 2273 1922 2331 sunt
1976 2287 2055 2332 ea
2118 2266 2399 2333 carmina
2439 2283 2603 2349 quae
2644 2261 2879 2328 infelici
2923 2279 3038 2325 no·

681 2369 848 2435 mine
895 2366 1311 2450 aByzantino
1356 2367 1568 2449 aliquo
1614 2369 1871 2431 invento
1914 2367 2048 2433 sive
2091 2386 2425 2452 perperam
2471 2364 2756 2430 adhibito
2803 2362 3039 2446 hypor-

682 2469 975 2534 chemata
1032 2473 1352 2532 vocantur.
1442 2466 1621 2545 Quae
1685 2486 1874 2550 quam
1936 2468 2060 2532 vim
2117 2468 2395 2534 habeant
2436 2472 2623 2548 atque
2667 2463 3040 2529 facultatem

682 2588 928 2652 quoque
984 2567 1172 2634 modo
1237 2569 1461 2633 melius
1530 2567 1657 2633 sint
1719 2568 2105 2633 nominanda
2166 2588 2291 2634 non
2337 2568 2519 2633 huius
2563 2563 2863 2648 temporis
2907 2568 3040 2644 est;

679 2669 839 2736 illud
879 2674 1125 2753 tantum
1164 2669 1539 2734 monendum
1584 2668 1648 2734 in
1694 2688 1925 2753 magno
1953 2671 2207 2735 versari
2251 2688 2460 2735 errore
2523 2685 2633 2733 eos
2678 2663 2783 2748 qui
2825 2662 3039 2733 termi-

680 2790 815 2866 nos·
857 2767 1005 2836 esse‘
1067 2769 1495 2855 episodiorum
1555 2790 1634 2835 ea
1686 2770 1968 2835 carmina
2009 2769 2225 2836 dicunt
2266 2771 2332 2834 in
2374 2769 2899 2849 stasimorumque
2944 2766 3038 2831 lo-

683 2861 823 2939 cum
893 2870 1251 2937 succedere.
1337 2869 1559 2954 Neque
1625 2871 1789 2935 enim
1848 2871 2340 2956 discrepantiam
2384 2873 2715 2935 senserunt
2755 2866 3038 2931 testimo·

682 2973 951 3053 niorum‚
994 2972 1220 3055 quibus
1263 2971 1355 3036 illi
1399 2971 1652 3055 quidem
1694 2991 1820 3037 non
1865 2972 2023 3037 nihil
2068 2972 2367 3057 ponderis
2411 2968 2698 3042 afferunt.
2786 2967 3036 3032 Etenim

683 3074 1059 3140 Aristoteles
1104 3073 1428 3157 praecepit
1481 3080 1548 3137 ut
1599 3072 1724 3136 nisi
1765 3072 2042 3137 stasimis
2087 3073 2311 3139 drama
2353 3091 2479 3136 non
2523 3069 2929 3155 dispertiatur
2971 3068 3038 3133 in

686 3173 1008 3260 episodia‚
1055 3173 1402 3239 scholiasta
1445 3191 1597 3237 vero
1642 3173 1727 3238 ad
1768 3173 2147 3240 Trachinias
2192 3194 2251 3237 v.
2297 3172 2420 3240 216
2462 3170 2656 3237 tradit
2695 3170 2894 3235 haec:
2958 3169 3035 3235 τὰ

683 3278 808 3361 γὰρ
850 3275 1238 3359 μελιδάριον
1282 3271 1399 3341 οὐκ
1444 3271 1582 3339 ἔστι
1627 3274 1969 3357 στάσιμον,
2015 3272 2312 3342 ἀλλ-’ὑπὸ
2358 3279 2466 3359 τῆς
2487 3270 2723 3359 ἡδονῆς
2769 3260 3037 3354 ὀρχόῦν·

683 3402 814 3442 ται.
902 3374 1170 3440 Carmen
1234 3380 1444 3438 autem
1500 3393 1623 3457 quo
1681 3374 1843 3439 haec
1886 3381 2178 3458 spectant
2220 3374 2415 3440 verba
2456 3371 2888 3459 hyporchema
2929 3390 3036 3436 vo·

685 3482 867 3558 ,cant3
933 3475 1131 3540 nihilo
1174 3481 1383 3539 tamen
1429 3474 1636 3538 secius
1680 3495 1804 3540 non
1853 3475 2185 3559 explicatis
2230 3495 2392 3558 quae
2437 3479 2724 3557 pugnant
2765 3471 2928 3537 inter
2969 3490 3041 3537 se

685 3576 929 3642 stasimi
986 3576 1111 3641 vim
1172 3594 1249 3640 ac
1309 3581 1686 3658 potestatem
1730 3576 1811 3640 ab
1857 3577 1966 3641 illo
2011 3575 2395 3643 contendunt
2439 3572 2691 3658 suscipi.
2777 3572 3039 3656 Nugae!

684 3669 907 3761 Neque
977 3696 1129 3742 vero
1190 3676 1333 3760 plus
1402 3675 1572 3740 valet
1629 3677 1798 3758 quod
1865 3677 1947 3742 ad
2001 3665 2495 3744 confirmandam
2539 3679 2914 3745 sententiam
2960 3697 3040 3743 cx

686 3778 844 3863 ipsis
888 3777 1124 3843 fabulis
1169 3782 1421 3840 sumunt
1462 3775 1783 3858 indicium,
1831 3797 1970 3843 cum
2014 3777 2318 3843 dramatis
2363 3784 2559 3843 totam
2606 3787 2849 3865 partem
2897 3797 3043 3845 con·

689 3880 921 3944 sectam
986 3897 1129 3943 csse
1187 3877 1451 3942 indicari
1495 3882 1778 3941 statuunt
1818 3877 2002 3943 sicuti
2045 3878 2323 3943 stasimis
2368 3880 2459 3944 ita
2502 3878 3040 3965 hyporchematis.

686 3980 829 4045 Non
874 3979 1038 4044 enim
1086 3979 1428 4045 observant
1458 3996 1656 4060 ,quam
1700 3977 1978 4043 habeant
2019 3980 2101 4044 ab
2144 3980 2583 4047 interscaeniis
2626 3982 2761 4047 sive
2807 3980 3038 4065 hypor⁶

687 4080 994 4147 chematis
1053 4076 1629 4144 dissimilitudinem
1689 4078 1970 4143 stasima.
2055 4079 2196 4144 Hoc
2246 4086 2452 4145 autem
2509 4075 2804 4148 differunt
2872 4081 3041 4164 quod

687 4180 1014 4247 stasimum
1059 4185 1347 4245 cantatur
1391 4178 1695 4244 dramatis
1738 4187 1872 4244 tota
1906 4187 2101 4264 parte,
2147 4180 2213 4246 id
2256 4187 2355 4248 est
2397 4181 2685 4265 episodio
2729 4182 3039 4264 absoluto,

690 4281 1174 4347 interscaenium
1242 4286 1461 4345 contra
1501 4286 1636 4345 tota
1676 4287 1891 4364 parte,
1937 4301 2152 4347 verum
2196 4300 2325 4347 non
2367 4282 2707 4366 dramati8‚
2771 4281 2883 4348 sed
2928 4300 3038 4366 po·

687 4383 811 4449 tius
855 4381 1158 4466 episodii,
1232 4380 1296 4447 id
1355 4387 1450 4445 est
1496 4400 1733 4446 scaena
1773 4380 1980 4464 finita,
2051 4381 2157 4448 ubi
2197 4402 2325 4448 non
2365 4382 2635 4450 subsedit
2675 4385 2836 4449 actio
2848 4432 2870 4466 ,
2936 4383 3043 4450 sed

688 4484 885 4553 sotum
924 4482 1230 4548 subsistit:
1274 4483 1442 4566 -Agc
1498 4481 1589 4547 sis
1648 4481 2046 4556 conferamus
2090 4483 2303 4552 omnia
2345 4504 2556 4551 secum
2600 4483 3039 4572 interscaenia,
