3267 5450
706 457 795 527 70
1191 472 1242 512 e.
1279 455 1377 512 111.
1449 453 1537 510 De
1573 450 1900 525 symmetria
1932 451 2240 508 dramatica
2273 450 2615 524 Aeschylo&

1573 628 1663 687 u

1027 762 1127 823 Aa
1170 701 1962 823 §3137OE
1991 755 2110 817 Aa.

2176 832 2266 865 =
2304 806 2452 872 3.14
2496 811 2562 870 et
2603 805 2767 870 1.14.

875 1113 973 1178 Ill
1015 1112 1074 1176 b.
1161 1110 1460 1196 quisodii
1498 1110 1672 1181 tertii
1702 1108 2030 1193 particula
2065 1108 2338 1173 secunda
2378 1106 2503 1175 604
2526 1125 2627 1169 ss:
2667 1103 2754 1167 ab
2785 1100 3066 1186 Apolline
3111 1134 3116 1142 ·

716 1212 1202 1300 pronuntiantur
1269 1206 1969 1295 duodequinquaginta,
2028 1228 2070 1272 a
2113 1207 2290 1273 chori
2333 1206 2492 1271 duce
2551 1203 2889 1269 duodecim
2944 1222 3067 1267 ver·

715 1334 845 1380 sus.
931 1311 1043 1378 Bis
1084 1311 1278 1395 igitur
1332 1310 1647 1375 invenitur
1708 1329 2005 1374 numerus
2047 1307 2508 1386 duodenariae,
2570 1311 2636 1370 et
2675 1301 3069 1387 quaternario

713 1411 1169 1497 multiplicatus
1211 1417 1274 1477 et
1313 1410 1586 1494 simplex
1628 1410 1712 1475 ad
1745 1411 1870 1476 hoc
1910 1410 2203 1475 schema:

1505 1532 1587 1593 u

1129 1608 2000 1751 Affspkspkd

1147 1759 2683 1832 82M5485w=4fflm1m

1525 1922 1612 1982 48

885 2033 958 2097 1n
1013 2033 1114 2098 his
1169 2032 1513 2098 schematis
1569 2031 2024 2097 constituendis
2081 2052 2206 2096 non
2271 2038 2468 2097 totum
2510 2050 2613 2096 me
2656 2051 2699 2096 a
2762 2035 2943 2093 recta
2980 2025 3080 2090 via

718 2133 1053 2198 aberrasse
1095 2133 1439 2217 persuadet
1480 2132 1634 2198 mihi
1679 2132 2040 2199 similitudo.
2125 2132 2306 2210 Quae
2349 2132 2514 2198 enim
2558 2137 2900 2195 metrorum
2946 2131 3081 2192 sunt

720 2252 976 2317 genera,
1020 2253 1138 2318 par
1180 2234 1418 2318 duplex
1461 2235 1944 2315 sesquialterum
1988 2233 2452 2315 sesquitertium
2469 2282 2487 2314 ‚
2532 2231 2756 2297 eadem
2800 2227 3079 2292 invenies

718 2334 1123 2417 symmetriae
1165 2335 1562 2416 mensuralis,
1609 2333 1664 2398 si
1708 2353 2002 2399 numeros
2031 2332 2336 2417 respicies
2377 2332 2443 2396 in
2483 2330 2782 2396 extremis
2815 2325 3080 2413 episodii

719 2452 1074 2499 scaenaeve
1118 2434 1447 2517 particulis
1488 2432 1754 2517 positos.
1826 2436 2032 2516 Atque
2073 2433 2155 2498 de
2186 2436 2347 2515 pari
2385 2453 2610 2519 ymera
2652 2451 2849 2523 supra
2895 2448 3077 2513 expo·

720 2533 908 2599 situm
953 2540 1051 2599 est
1091 2533 1208 2598 sub
1271 2533 1471 2599 literis
1515 2533 1761 2598 ABCD.
1817 2533 2104 2623 Duplex
2143 2540 2354 2598 autem
2417 2553 2613 2620 qenus
2651 2532 2971 2597 invenitur
3020 2530 3079 2592 in

720 2633 1091 2751 Supplicum
1136 2634 1426 2719 episodio
1471 2634 1659 2700 tertio
1703 2633 1809 2698 ubi
1852 2634 2014 2700 haec
2060 2639 2157 2699 est
2198 2634 2524 2718 proportio
2566 2634 2688 2701 24.
2711 2632 2902 2697 12--
2922 2629 3003 2696 2.
3027 2629 3080 2709 1,

718 2736 811 2800 in
831 2735 1089 2820 Septem
1135 2734 1394 2800 fabulae
1452 2735 1721 2819 prologo
1777 2733 1884 2799 ubi
1930 2735 2092 2801 haec
2132 2736 2216 2802 3:
2244 2736 2396 2803 6=
2418 2738 2497 2801 1:
2519 2735 2590 2816 2,
2642 2733 2708 2797 in
2753 2730 3081 2815 Choepho·

720 2855 932 2901 rorum
976 2834 1251 2919 episodii
1293 2835 1552 2901 secundi
1608 2854 1845 2900 scaena
1899 2835 2180 2901 secunda
2235 2835 2341 2900 ubi
2396 2835 2558 2906 haec
2599 2833 2677 2904 6.
2710 2832 2786 2898 12
2811 2852 2903 2884 ---
2928 2829 3084 2896 1:2-

723 2935 825 3000 Ex
867 2955 1092 3020 ,qenere
1134 2935 1366 3001 deinde
1407 2936 1815 3021 sesquialtero
1858 2934 1984 2999 duo
2028 2942 2173 3000 sunt
2214 2936 2539 3019 exempla:
2603 2935 2875 2998 alterum
2921 2935 3088 2997 extat

720 3035 787 3099 in
857 3035 1192 3099 Persarum
1259 3034 1528 3119 episodii
1596 3035 1784 3119 primi
1851 3055 2086 3100 scaena
2151 3035 2370 3117 tertia,
2436 3035 2587 3118 quia
2664 3032 3089 3116 quadraginta

722 3135 806 3199 ad
843 3134 1182 3218 sexaginta
1212 3133 1275 3199 in
1304 3134 1526 3200 eadem
1574 3134 1819 3199 ratione
1849 3141 1995 3200 sunt
2038 3141 2226 3218 atque
2269 3135 2395 3200 duo
2439 3134 2523 3199 ad
2566 3142 2694 3200 tres
2740 3133 2896 3218 (401
2922 3132 3089 3201 602.-

720 3232 934 3321 223),
996 3236 1262 3299 alterum
1317 3234 1382 3298 in
1427 3233 1843 3299 Eumenidum
1900 3233 2190 3319 episodio
2236 3234 2514 3300 secundo
2556 3235 2664 3300 ubi
2709 3253 2936 3300 versus
2982 3231 3085 3297 Mi-

721 3352 958 3399 nervae
1004 3332 1087 3398 ad
1131 3332 1299 3399 hanc
1340 3334 1815 3418 proportionem
1874 3341 2019 3399 sunt
2062 3334 2355 3400 collocati
2400 3333 2625 3402 18:27
2649 3334 2781 3401 :2
2808 3357 2825 3398 ε
2849 3334 2912 3401 3.
2999 3333 3091 3398 Ex

717 3454 943 3520 genere
981 3432 1254 3514 denique
1294 3437 1680 3520 sesquitertio
1720 3434 1872 3498 item
1933 3433 2059 3499 duo
2103 3435 2498 3518 r‘eperiuntur
2541 3435 2870 3520 exempla,
2941 3435 3090 3500 alte-

720 3553 859 3598 rum
914 3531 979 3606 in
1025 3532 1541 3616 Choephororum
1586 3533 1876 3618 episodio
1920 3536 2155 3618 primo,
2226 3535 2523 3616 quoniam
2580 3535 2645 3599 in
2708 3535 2901 3602 tertia
2962 3534 3093 3600 eius

716 3651 958 3699 scaena
989 3631 1581 3699 orationes'Orestis
1615 3634 1783 3699 hanc
1816 3631 2055 3698 habent
2081 3634 2551 3718 proportionem
2595 3635 2637 3702 9
2666 3656 2683 3702 ε
2713 3636 2794 3703 12
2822 3665 2914 3697 =
2936 3636 3017 3703 3:
3039 3636 3092 3712 4,

720 3732 988 3797 alterum
1043 3730 1108 3795 in
1153 3731 1411 3817 Septem
1470 3733 1730 3797 fabulae
1795 3733 1982 3798 tertio
2041 3733 2362 3818 episodio,
2432 3754 2571 3799 cum
2629 3734 2972 3825 duodecim
3016 3732 3095 3798 ad
3233 3803 3234 3808 ἵ

719 3849 950 3897 novem
994 3830 1059 3894 in
1121 3830 1345 3897 eadem
1412 3832 1538 3896 sint
1594 3833 1841 3898 ratione
1901 3838 2093 3914 atque
2154 3840 2449 3914 quattuor
2505 3834 2588 3899 ad
2644 3842 2773 3900 tres
2841 3835 3016 3920 (12.
3057 3833 3096 3902 9

888 4029 1007 4093 His
1064 4028 1376 4094 accedunt
1441 4029 1566 4096 duo
1621 4029 1753 4094 alia
1809 4048 2049 4113 genera
2116 4033 2525 4115 symmetriae
2577 3977 3096 4117 proportionalis,

719 4128 953 4214 triplex
1009 4135 1073 4193 et
1124 4127 1541 4212 quadruplex.
1628 4130 1908 4195 Alterius
1947 4131 2275 4217 (triplicis)
2346 4133 2510 4198 haec
2563 4140 2709 4197 sunt
2767 4134 3095 4218 exemplat

722 4228 786 4293 in
813 4228 1152 4294 Persarum
1197 4228 1466 4312 episodii
1504 4230 1765 4295 secundi
1797 4250 2033 4296 scaena
2072 4232 2374 4314 secunda,
2417 4239 2635 4316 utpote
2676 4251 2843 4314 quae
2887 4233 3099 4299 trede-

723 4327 843 4393 cim
889 4329 1012 4411 (=
1053 4327 1188 4392 fere
1232 4327 1339 4409 14)
1397 4334 1459 4392 et
1502 4329 1931 4413 quadraginta
1973 4332 2178 4396 tribus
2236 4336 2358 4412 (ε
2401 4331 2536 4397 fere
2578 4332 2693 4416 42)
2739 4331 3095 4411 definiatur,

706 4426 886 4492 haec
927 4433 1146 4492 extare
1188 4425 1437 4491 videtur
1477 4429 1806 4513 proportio
1851 4431 1933 4496 14
1974 4453 1991 4496 2
2033 4431 2119 4498 42
2159 4467 2254 4501 =
2301 4434 2339 4497 1
2383 4450 2401 4496 ε
2444 4431 2517 4512 3;
2585 4429 2652 4496 in
2694 4432 2962 4517 Septem
3006 4433 3095 4504 fa-
