3267 5450
985 535 1028 593 1.
1068 541 1483 604 Adnotationes
1520 546 1596 604 ad
1629 547 1869 608 tabulas.
2518 559 2603 628 79

392 695 462 761 ΙΙ
506 700 574 763 1:
621 695 1059 784 [Ritschelium
1101 709 1379 798 sequor].

398 796 496 860 III
539 799 610 862 1:
655 799 844 868 92³1:
890 826 1074 888 quem
1116 807 1331 896 [πόλις
1371 816 1503 880 κτλ.
1551 823 1699 901 post
1742 816 1888 906 786]
1934 826 2151 906 utpote
2194 844 2234 889 e
2270 824 2397 892 802
2437 828 2605 894 male

235 898 375 962 huc.
396 904 740 963 retractum
788 903 1026 971 delevit
1067 909 1410 977 Porsonus.

348 998 434 1063 lV
479 1002 552 1062 ⁴2:
599 998 753 1078 2†*:
806 1004 960 1071 1035
1005 1010 1266 1075 seclusit
1308 1012 1717 1079 Blomfieldus
1763 1015 2118 1104 [adductus,
2162 1028 2231 1088 ut
2271 1023 2426 1088 mihi
2469 1027 2604 1109 qui-

232 1099 370 1168 dem
412 1102 681 1180 videtur,
728 1101 933 1171 falsae
975 1112 1382 1194 symmetriae
1428 1114 1948 1204 consectationeJ.

389 1207 447 1272 4.
492 1208 912 1279 Prometheus·

387 1305 487 1372 111
515 1329 578 1375 e:
623 1314 785 1380 38?:
828 1318 974 1397 post
1003 1311 1173 1400 hunc
1193 1330 1444 1377 versum
1491 1311 1664 1400 [789]
1710 1314 1889 1381 hiare
1914 1317 2263 1385 orationem
2293 1321 2606 1390 intellexit

92 1464 99 1475 ,
227 1403 600 1476 Brunckius.

380 1507 470 1572 IV
515 1513 584 1576 ⁴2:
646 1515 755 1579 2³¹³:
832 1519 979 1578 ante
1022 1511 1148 1580 969
1211 1511 1479 1577 alterum
1521 1513 1884 1580 Promethei
1926 1518 2306 1584 versiculum
2349 1520 2601 1588 interci-

224 1601 392 1672 disse
438 1612 658 1677 statuit
701 1612 1002 1678 Keckius.
1078 1598 1083 1603 ¹

385 1709 445 1774 5.
530 1720 944 1797 Ayamemno.

381 1808 727 1895 Prologus:
775 1810 991 1899 [39]†:
1036 1800 1077 1878 '7
1121 1810 1469 1877 damnabat
1512 1810 2032 1880 Valckenaerius.
2327 1884 2334 1897 ,

383 1908 448 1972 II
495 1912 565 1976 1:
646 1913 839 1995 35†*:
898 1908 1019 1978 505
1082 1910 1335 1976 delebat
1399 1911 1820 1979 Salzmannus
1881 1921 2097 2001 utpote
2149 1937 2186 1984 e
2243 1919 2419 1986 Pers.
2475 1921 2601 1988 802

216 2006 465 2072 illatum
517 2008 817 2099 [iniuria].
2355 2045 2370 2055 ·

383 2110 479 2174 111
528 2117 589 2178 1:
635 2114 829 2196 59†*:
874 2112 997 2181 835
1040 2109 1301 2176 delebat
1339 2108 1601 2176 Weilius
1650 2109 1884 2199 [falsoJ.
2015 2104 2022 2109 ’

380 2209 468 2272 IV
513 2213 597 2291 2:=
638 2215 850 2279 12.*1:
898 2212 1080 2280 1157.
1129 2211 1291 2278 1158
1336 2211 1589 2277 inverso
1634 2212 1855 2279 ordine
1899 2220 2117 2281 extant
2156 2215 2222 2280 in
2264 2216 2443 2282 libris
2489 2220 2597 2301 qui

214 2308 492 2390 priorem
519 2312 944 2393 Cassandrae,
988 2312 1180 2378 choro
1225 2313 1492 2376 alterum
1518 2313 1817 2378 tribuunt.
1862 2314 2151 2380 Correxit
2173 2314 2596 2386 Hei-mannus.

381 2410 472 2475 IV
505 2413 574 2478 2:
637 2411 908 2501 [14.*1]:
976 2412 1156 2481 1257.
1227 2413 1387 2479 1258
1449 2414 1704 2479 inverso
1769 2413 1989 2480 ordine
2052 2415 2252 2481 lectos
2310 2418 2373 2483 in
2417 2419 2598 2485 libris

212 2508 404 2574 sedes
450 2518 694 2577 mutare
733 2514 918 2579 iussit
962 2513 1292 2578 Heathius.

386 2610 476 2675 IV
521 2615 595 2677 2:
641 2610 837 2702 [8]‘?*:
882 2623 1028 2697 post
1076 2613 1236 2679 1270
1278 2612 1455 2676 hiare
1499 2613 1850 2678 orationem
1875 2613 2172 2679 intellixit
2196 2615 2596 2702 Dindorfius;

218 2704 479 2795 [iniuria
522 2714 675 2779 mihi
720 2714 968 2780 videtur
1011 2714 1105 2778 sic
1147 2709 1489 2799 statuisse].

340 2812 432 2876 IV
477 2814 548 2878 2:
596 2818 733 2877 X*:
783 2815 942 2882 1281
989 2834 1163 2896 seqq.
1209 2813 1614 2878 Cassandrae
1643 2812 2041 2880 continuatos
2086 2813 2149 2879 in
2193 2815 2374 2881 libris
2418 2817 2594 2884 chori

211 2910 360 2977 duci
423 2914 702 2979 reddidit
753 2913 1016 2978 Weilius
1079 2911 1536 3000 [meritissim03
1600 2933 1764 2995 quae
1830 2921 2052 2979 contra
2114 2916 2287 2982 dicta
2340 2918 2593 2984 suntin

210 3031 387 3077 nova
431 3013 708 3079 editione
753 3015 1121 3098 Engeriana
1163 3018 1278 3097 pro
1322 3014 1521 3079 nihilo
1563 3020 1711 3077 sunt
1751 3011 2089 3101 ducenda}

229 3124 233 3127 ’
386 3114 1020 3198 Interiectiones.pro
1063 3114 1209 3178 totis
1255 3114 1551 3179 trimetris
1575 3112 1721 3178 duci
1758 3133 1946 3198 posse
1977 3116 2031 3179 is
2074 3135 2198 3181 non
2226 3116 2595 3183 infitiabitur

209 3213 318 3293 qui
366 3214 433 3277 in
478 3214 930 3301 stichomythia
973 3233 1137 3296 quae
1181 3221 1280 3278 est
1320 3215 1383 3277 in
1413 3215 1890 3297 Agamemnone
1919 3234 1959 3280 a
1994 3235 2053 3279 v.
2085 3216 2249 3283 1200
2271 3215 2335 3280 in
2371 3236 2594 3282 versus

206 3314 424 3379 locum
470 3315 811 3380 succedere
859 3313 1376 3378 animadverterit
1426 3313 1945 3379 interiectionem.
2036 3316 2298 3381 Praeter
2341 3337 2483 3382 eam
2527 3317 2593 3382 in

207 3433 509 3479 versuum
565 3435 888 3480 numerum
948 3413 1318 3479 referendas
1383 3416 1602 3497 putavi
1671 3413 1818 3477 has:
1897 3418 2125 3498 Agam.
2151 3416 2351 3483 -1168,
2400 3416 2589 3499 1269;

207 3514 425 3600 Ρτοω.
453 3515 596 3581 740.
642 3515 782 3579 Non
817 3514 1145 3582 numeravi
1171 3518 1395 3598 Agam.
1431 3514 1545 3594 253
1590 3513 1874 3597 Choeph.
1898 3520 2043 3597 post
2069 3515 2204 3582 186.
2228 3515 2369 3582 873.
2409 3518 2590 3583 1044.

385 3613 575 3678 Νάε
621 3612 1064 3697 ἅμοιβαῒον*;
1114 3614 1458 3699 [tribuendi
1488 3621 1636 3679 sunt
1667 3614 1930 3679 trimetri
1975 3615 2107 3679 bini
2134 3614 2402 3699 singulis
2446 3617 2592 3682 cho-

205 3715 432 3788 rentis,
479 3716 584 3796 qui
628 3716 961 3780 duodecim
1007 3721 1184 3779 sunt:
1231 3713 1412 3780 cf.O.
1441 3715 1707 3779 Mueller
1740 3714 2067 3802 Eumenid.
2112 3716 2234 3782 765
2279 3723 2340 3780 et
2361 3715 2592 3783 Weck-

204 3814 336 3879 lein
402 3816 630 3880 Annal.
677 3816 901 3901 Suppl.
943 3814 1064 3878 VII
1103 3814 1232 3881 432
1274 3834 1358 3879 ss.
1444 3815 1631 3880 Addo
1687 3815 1824 3881 fieri
1890 3835 2016 3880 non
2064 3835 2255 3899 posse
2318 3816 2467 3899 quin
2522 3817 2590 3881 in

207 3913 380 3979 dua's
424 3921 659 3999 partes,
708 3916 933 3998 quibus
976 3914 1100 3979 hoc
1144 3914 1556 3979 amoebaeum
1601 3915 1907 3981 contineri
1951 3936 2031 3980 ex
2074 3916 2214 3979 sola
2255 3916 2435 3980 metri
2477 3915 2593 3980 im-

205 4016 563 4079 mutatione
608 4015 1032 4098 colligendum
1079 4022 1196 4092 est,
1240 4015 1638 4098 singulorum
1680 4015 1852 4080 dicta
1897 4014 2335 4080 choreutarum
2382 4015 2592 4080 distri-

205 4115 368 4179 buta
412 4133 556 4180 esse
599 4134 940 4198 negemus,
1014 4115 1165 4197 quia
1206 4114 1444 4179 nullum
1490 4116 1675 4180 huius
1717 4114 1807 4178 rei
1851 4114 2207 4200 exemplum
2252 4115 2587 4182 invenitur.

203 4215 519 4280 Similiter
559 4215 866 4280 iudicavit
910 4214 1127 4279 Christ
1168 4215 1232 4279 in
1273 4213 1594 4297 Theilung
1634 4214 1750 4279 des
1794 4213 1996 4279 Chors
2038 4233 2102 4297 p.
2145 4214 2227 4282 23
2270 4215 2350 4280 de
2391 4222 2589 4280 tetra-

203 4316 433 4380 metris
490 4313 833 4380 trochaicis
899 4323 962 4378 et
1024 4314 1243 4398 lyricis
1298 4314 1518 4379 metris
1581 4314 1932 4380 disserens:
2021 4314 2258 4398 „Unter
2300 4315 2587 4381 mehrere

203 4416 577 4481 Choreuten
620 4415 913 4481 vertheilt
954 4415 1090 4480 sich
1134 4414 1330 4480 leicht
1371 4413 1499 4478 und
1543 4413 1794 4481 einfach
1836 4415 1976 4481 eine
2001 4415 2259 4498 Gruppe
2302 4414 2588 4498 gleicher

202 4516 371 4585 oder
414 4516 579 4582 doch
633 4536 751 4582 nur
817 4516 1028 4602 wenig
1087 4535 1212 4582 von
1257 4513 1561 4581 einander
1603 4514 2089 4582 abweichender
2132 4514 2363 4601 Verse;
2429 4515 2587 4589 ab‘er
