3267 5450
714 521 764 585 5.
798 520 849 576 4.
924 516 1011 573 De
1049 517 1270 576 scaenis
1306 533 1743 591 scaenarumque
1781 518 2082 592 particulis,
2486 524 2570 591 33

206 685 465 768 quaein
494 687 775 753 secunda
808 707 1044 752 scaena
1078 687 1445 769 obticuerat,
1488 695 1550 753 et
1579 690 1801 772 nuntii,
1825 691 2030 757 altera
2051 710 2133 758 ex
2159 691 2421 775 reginae
2451 689 2563 757 mi-

205 788 545 852 seratione.
632 788 731 852 Ad
777 787 1248 853 constituendas
1301 788 1420 852 has
1461 784 1806 874 particulas
1874 792 2031 858 nihil
2073 793 2308 857 referre
2366 799 2568 858 utrum

204 889 480 969 nuntius,
529 888 675 953 dum
721 890 949 955 chorus
993 889 1445 972 interloquitur,
1492 891 1720 956 abierit
1762 912 1957 958 necne
2001 892 2129 958 iam
2172 912 2364 976 supra
2402 913 2461 977 p.
2486 894 2569 960 20

205 976 561 1073 expositum
606 997 718 1056 est.

376 1089 453 1153 11.
540 1089 913 1174 spisodium
951 1090 1290 1154 secundum
1315 1090 1438 1158 596
1474 1131 1485 1135 -
1521 1092 1646 1158 842
1686 1090 1835 1158 item
1868 1093 2125 1159 exhibet
2155 1112 2342 1159 unam
2390 1112 2567 1159 scac-

203 1207 354 1252 nam
384 1193 746 1272 generalem
786 1190 1187 1274 tripertitam:
1227 1192 1441 1275 prima
1482 1229 1560 1237 —
1603 1192 1728 1259 630
1772 1201 1833 1259 et
1876 1196 2061 1259 tertia
2102 1231 2181 1241 —
2224 1195 2346 1262 842
2390 1214 2565 1259 scae·

200 1307 347 1371 na„
389 1310 652 1372 quarum
695 1298 955 1374 utraque
1001 1291 1398 1373 soliloquium
1444 1283 1717 1358 Atossae
1762 1293 2228 1379 complectitur,
2276 1315 2316 1357 a
2358 1294 2568 1359 media

202 1389 411 1454 chori'
452 1392 698 1456 actione
763 1402 1111 1475 separatur.
1196 1391 1359 1456 Nam
1404 1394 1673 1476 primam
1730 1413 2025 1459 scaenam
2083 1394 2564 1460 interscaenium

201 1490 330 1573 (l.)
377 1493 655 1574 sequitur
700 1493 1133 1558 coniunctione
1178 1493 1529 1563 dramatica
1574 1494 1678 1577 (B.
1707 1494 1799 1578 2.)
1846 1514 1983 1560 cum
2029 1514 2108 1560 ea
2148 1514 2398 1575 nexum,
2444 1487 2609 1560 ter·'

198 1588 357 1654 tiam
404 1586 835 1675 antegreditur
876 1592 1312 1676 interloquium
1362 1594 1508 1679 (2.),
1567 1613 1732 1677 quae
1788 1595 2093 1661 seiunctio
2145 1603 2209 1661 et
2262 1615 2565 1681 processu

199 1690 400 1756 Darei
446 1700 711 1775 augetur
755 1703 818 1757 et
859 1693 1164 1759 discessu.
1815 1778 1824 1785 ο

369 1791 657 1858 Secunda
688 1812 840 1859 vero
885 1814 1120 1860 scaena
1142 1831 1220 1842 -
1245 1794 1367 1861 833
1411 1793 1475 1857 in
1522 1800 1651 1858 tres
1698 1796 2044 1880 particulas
2082 1804 2180 1862 est
2209 1796 2563 1880 distributa,

198 1891 268 1956 in
314 1912 577 1975 quarum
623 1896 826 1977 prima
873 1903 934 1960 et
977 1895 1196 1959 ultima
1227 1896 1473 1960 Dareus
1504 1917 1642 1962 cum
1674 1896 1867 1963 choro
1912 1897 2284 1981 colloquitur
2313 1904 2592 1965 tacente·

197 1995 468 2073 Atussa,
531 1996 595 2060 in
655 1995 866 2061 media
908 1996 1154 2061 Dareus
1208 2017 1347 2062 cum
1407 2016 1619 2062 uxore.
1705 1998 1841 2063 Has
1892 1997 2239 2082 particulas
2282 2005 2561 2064 secretas

195 2095 349 2177 quin
395 2097 532 2179 ipse
579 2097 846 2161 voluerit
886 2105 1078 2181 poeta
1123 2116 1248 2162 non
1295 2097 1740 2178 dubitabimus,
1786 2099 1839 2162 si
1883 2106 2219 2164 metrorum
2260 2099 2559 2184 respicie-

94 2240 105 2249 -
197 2215 340 2259 mus
370 2197 944 2262 conformationem.
1007 2198 1077 2262 In
1120 2199 1326 2280 prima
1360 2200 1523 2262 enim
1559 2201 1870 2283 particula
1902 2208 2049 2284 post
2091 2200 2389 2289 tredecim
2422 2220 2558 2265 ver·

196 2316 308 2362 sus
352 2298 656 2363 iambicos
700 2298 895 2362 Darei
956 2306 1083 2363 tres
1129 2299 1407 2364 eiusdem
1451 2301 1754 2368 trochaici
1799 2301 2022 2367 ionicis
2065 2299 2239 2366 chori
2282 2299 2560 2386 strophis

196 2397 787 2477 circumcluduntur,
836 2398 899 2462 in
944 2399 1225 2464 secunda
1268 2419 1418 2465 vero
1461 2419 1586 2466 non
1629 2401 2028 2473 inveniuntur
2070 2401 2192 2465 nisi
2234 2402 2559 2482 trochaici,

194 2501 264 2563 in
306 2499 492 2564 tertia
534 2499 788 2564 iambici
833 2500 1017 2563 sicuti
1061 2501 1123 2564 in
1169 2501 1399 2586 prima.

361 2599 474 2665 111.
526 2599 823 2667 ,Emodus
862 2601 1234 2670 889—1047
1295 2603 1581 2666 threnum
1649 2602 1917 2668 exhibet-
1946 2601 2182 2668 Xerxis
2238 2608 2300 2666 et
2360 2601 2554 2682 chori,

193 2699 375 2766 euius
417 2699 725 2784 indagare
766 2701 1108 2786 particulas
1151 2722 1273 2769 non
1322 2702 1445 2769 huc
1489 2703 1661 2770 facit.

361 2802 421 2868 2.
489 2800 850 2886 'Supplicea

364 2902 410 2969 1.
495 2901 872 2987 Epieodium
902 2906 1186 2988 primwm
1234 2904 1556 2972 166-506
1617 2904 2039 2971 interscaenio
2084 2905 2202 2989 (2.)
2267 2903 2331 2968 in
2395 2904 2556 2969 duas
2665 2985 2694 3014 ‚

194 3022 466 3068 scaenas
498 3005 832 3086 generales
862 3006 1104 3070 secerni
1128 3025 1319 3088 posse
1348 3005 1613 3087 videtur,
1658 3025 1920 3088 quarum
1951 3006 2154 3071 altera
2184 3005 2345 3070 duas
2388 3024 2554 3070 com-

192 3104 488 3189 plectitur
519 3123 786 3170 scaenas
814 3105 1189 3190 peculiares.
1257 3106 1416 3171 Tres
1459 3113 1603 3172 sunt
1647 3108 1838 3190 igitur
1862 3124 2134 3172 scaenae
2169 3104 2555 3189 peculiares:

178 3207 396 3289 prima
438 3241 517 3252 —-
555 3205 678 3272 223
721 3206 1070 3271 continetur
1115 3206 1428 3290 colloquio
1474 3208 1685 3272 Danai
1728 3228 1867 3274 cum
1914 3207 2141 3288 choro;
2183 3207 2247 3271 in
2279 3206 2554 3271 secunda

187 3342 275 3353 —-
315 3307 469 3386 402,
514 3326 677 3388 quae
719 3307 941 3390 incipit
1004 3308 1107 3373 ubi
1170 3307 1427 3374 advenit
1467 3327 1609 3391 reX,
1658 3307 1715 3373 is
1758 3309 1893 3391 agit
1926 3316 1989 3373 et
2031 3307 2259 3374 chorus
2301 3314 2552 3373 tacente

186 3407 439 3472 Danao.
503 3407 682 3472 Haec
725 3427 960 3473 scaena
994 3408 1142 3473 mihi
1179 3408 1429 3491 quidem
1466 3409 1715 3474 videtur
1759 3415 2129 3492 argumento
2160 3408 2368 3475 divisa
2410 3427 2552 3481 esse

138 3589 143 3593 .
189 3508 257 3572 in
301 3508 647 3592 particulas
689 3516 850 3590 tres,
918 3529 1179 3592 quarum
1242 3528 1369 3575 una
1433 3508 1615 3592 quasi
1670 3508 2059 3596 prooemium
2115 3528 2388 3575 scaenae
2427 3509 2555 3582 dici

188 3615 400 3693 potest
441 3609 671 3693 quippe
715 3629 842 3693 qua
883 3610 987 3692 qui
1031 3610 1157 3675 sint
1207 3610 1289 3675 ab
1331 3610 1652 3675 actoribus
1696 3610 2070 3693 declaretur,
2115 3611 2317 3675 altera
2361 3610 2550 3675 collo-

187 3708 321 3791 quii
364 3709 595 3774 lectica
639 3719 847 3794 parte,
916 3711 1103 3776 tertia
1158 3717 1228 3776 ut
1276 3711 1366 3776 ita
1407 3709 1613 3775 dicam
1671 3711 1901 3777 melica
1961 3717 2142 3795 parte
2184 3711 2550 3777 continetur.

186 3812 684 3876 Interscaenium
727 3849 811 3859 —
851 3812 976 3879 420
1018 3812 1296 3895 sequitur
1337 3815 1524 3877 tertia
1567 3832 1803 3877 scaena
1844 3849 1927 3859 -
1967 3811 2091 3879 506
2137 3811 2284 3876 item
2331 3810 2550 3893 triper-

184 3912 335 3976 tita:
383 3912 444 3975 in
490 3912 702 3977 media
744 3911 1056 3997 particula
1096 3912 1385 3978 discessu
1416 3914 1626 3978 Danai
1669 3912 1846 3977 finita
1890 3914 2015 3978 duo
2061 3919 2259 3995 agunt
2301 3910 2549 3986 histrio·

186 4031 323 4092 nes,
365 4032 479 4076 rex
525 4020 588 4078 et
631 4013 914 4094 Danaus,
960 4012 1023 4078 in
1067 4013 1327 4097 reliquis
1371 4013 1616 4080 duabus
1660 4035 1773 4079 rex
1816 4022 1877 4078 et
1920 4013 2168 4078 chorus.

352 4112 434 4175 11.
519 4112 894 4194 Episodium
934 4114 1269 4179 secundum
1305 4114 1634 4182 580-609
1683 4114 2058 4198 colloquium
2102 4113 2295 4177 habet
2340 4110 2547 4175 Danai

183 4221 248 4279 et
307 4214 482 4278 chori
540 4233 678 4278 cum
734 4214 996 4279 stasimo
1061 4216 1346 4299 sequenti
1403 4216 1842 4282 coniunctione
1900 4213 2252 4280 dramatica
2310 4211 2418 4295 (B.
2465 4212 2539 4294 3)

182 4314 602 4381 coniunctum.

350 4415 461 4481 111.
548 4414 914 4496 Epi-sodium
955 4419 1205 4482 tertium
1260 4416 1589 4487 676-741
1646 4416 1793 4483 item
1838 4411 2046 4481 Dana'i
2103 4421 2166 4481 et
2225 4412 2401 4479 chori
2444 4432 2548 4479 ac·

178 4517 355 4583 tione
405 4518 778 4584 continetur.
1258 4575 1263 4582 ,

231 4620 612 4692 qehmichen,
637 4621 694 4662 de
720 4630 861 4673 comp.
884 4619 1057 4676 opis-1·
2086 4616 2129 4688 3
