3267 5450
647 532 696 594 §-
735 531 784 585 4.
856 528 944 586 -De
980 529 1206 587 scaenis
1248 543 1691 600 scaenai-umque
1724 527 2035 600 particulis.
2079 574 2086 585 ,
2277 491 2286 498 -
2435 529 2518 597 31

273 745 278 748 -
315 697 374 762 4.
463 696 691 782 Oedipi
730 700 900 784 reqis
937 697 1058 767 631
1086 719 1181 764 εει
1223 704 1352 764 tres
1398 701 1674 764 trimetri
1713 697 2001 764 iambici:
2060 703 2208 782 post
2250 696 2522 783 episodii
2558 746 2565 751 -

159 795 413 862 secundi
474 806 773 862 scaenam
830 798 1173 863 secundam
1239 798 1385 862 item
1432 800 1742 864 adventus
1785 799 2106 864 locastae:
2169 795 2518 864 naticae-9?

159 895 454 973 ἄνακτες·
497 889 769 983 ιὲαιρίαν
805 895 866 963 δ’
906 896 1062 982 ὑμῖν
1106 895 1241 984 δρῶ
1282 895 1464 981 τήνδ’
1509 894 1582 965 ἐκ
1608 895 1840 983 δόμων
1872 894 2523 982 στείχουσανἸοκι-ί-

159 1018 316 1081 στην
358 998 494 1062 κτλ.
1423 1068 1428 1073 ,

315 1097 378 1162 5.
469 1095 693 1180 Oedipi
722 1098 890 1182 reqis
929 1097 1090 1164 1297
1114 1116 1216 1161 ss:
1261 1099 1654 1180 anapaestici
1690 1116 1916 1162 novem
1962 1095 2211 1161 dimetri
2256 1102 2318 1160 et
2361 1116 2522 1167 unus

157 1202 542 1261 monometer
611 1197 680 1276 (2
720 1197 944 1280 syst.):
1023 1203 1169 1280 post
1240 1197 1428 1261 exodi
1496 1217 1796 1263 scaenam
1863 1195 2128 1280 primam
2193 1196 2521 1280 egredien—

155 1302 275 1359 tem
356 1295 671 1376 Oedipum
753 1296 1045 1362 versibus
1127 1297 1559 1381 anapaesticis
1631 1296 2047 1382 prosequitur
2113 1297 2284 1361 chori
2362 1297 2522 1361 dux:

156 1391 204 1459 ὦ
257 1394 487 1460 δεινὸν
547 1392 716 1461 ἰδεῖν
767 1392 995 1472 πάθος
1061 1392 1489 1481 ἆνθρώποις,’
1539 1394 1590 1462 ὦ
1651 1396 2042 1462 δεινότατον
2091 1397 2369 1462 πάντων
2425 1391 2525 1464 30²

155 1491 278 1576 ἐγώ
320 1492 724 1579 προσέκυρο)
768 1494 909 1582 ἤδη.
951 1501 1048 1573 τίς
1090 1493 1181 1574 0³,
1222 1495 1275 1562 ὦ
1315 1500 1580 1580 τλῆμον,
1625 1499 1919 1581 προσέβη
1961 1501 2201 1580 μανίας
2243 1498 2375 1563 κτλ.
2456 1568 2467 1577 ,

313 1593 375 1660 6.
462 1593 847 1660 Philoctetae
886 1590 1009 1663 539
1031 1615 1130 1661 ss:
1187 1602 1316 1665 tres
1360 1599 1633 1662 trimetri
1673 1595 1961 1661 iambici:
2039 1602 2186 1679 post
2253 1594 2522 1681 episodii

156 1694 336 1780 primi
381 1713 685 1759 scaenam
747 1697 1018 1780 primam
1075 1696 1384 1763 adventus
1441 1697 1812 1763 mercatoris
1856 1716 1897 1761 a
1942 1696 2118 1762 chori
2163 1696 2323 1762 duce
2366 1702 2521 1761 nun‘·

114 1831 118 1835 ·
153 1797 373 1860 tiatur:
419 1791 797 1878 ἐπίσχετον,
840 1797 1186 1880 μάθωμεν·
1244 1797 1452 1882 ἄνδρε
1491 1798 1617 1890 γὰρ
1663 1796 1785 1863 δύο
1831 1798 1961 1863 κτλ.

285 1895 497 1960 -Haec
538 1897 714 1961 chori
758 1895 928 1962 dicta
971 1898 1196 1982 quibus
1230 1897 1396 1962 duae
1442 1916 1719 1963 scaenae
1760 1917 1885 1962 non
1929 1903 2058 1961 tam
2086 1895 2525 1961 discernantur

153 2016 337 2080 quam
385 1995 728 2079 iungantur
771 1997 1771 2081 copulenturque‘coniunctiones
1814 1997 2049 2062 rectius
2088 1995 2383 2061 videntur
2412 2017 2522 2062 no·

153 2096 379 2161 minari
428 2117 617 2179 quam
659 2097 1060 2180 interloquia,
1105 2099 1252 2181 quia
1292 2099 1453 2164 haec
1493 2104 1640 2163 sunt
1680 2096 2189 2180 intercapedines
2237 2097 2525 2162 action-is.

153 2195 335 2273 Quod
362 2216 592 2262 nomen
633 2197 1082 2281 (interloquii),
1126 2203 1193 2261 ut
1235 2198 1357 2262 hoc
1383 2217 1632 2281 quoque
1667 2198 1920 2275 addam,
1965 2216 2046 2262 ne
2088 2196 2173 2261 ad
2203 2197 2347 2261 illos
2391 2199 2527 2279 qui-

152 2296 292 2362 dem
358 2304 516 2381 puto
580 2298 917 2363 convenire
958 2294 1330 2363 'versiculos
1390 2298 1498 2380 qui
1541 2299 1614 2363 in*
1652 2318 1729 2363 ea
1793 2316 2031 2362 scaena
2075 2297 2251 2361 cuius
2296 2298 2525 2361 chorus

148 2386 471 2482 particeps
517 2404 614 2463 est
658 2417 700 2462 a
740 2397 899 2462 duce
944 2398 1080 2462 eius
1124 2399 1625 2482 pronuntiantur.
1710 2398 2140 2480 Interumpere
2204 2397 2367 2460 enim
2413 2416 2524 2480 pe-

151 2497 329 2562 rinde
375 2517 456 2562 ac
500 2498 882 2581 coniungere
926 2497 1063 2563 eius
1096 2517 1237 2562 esse
1282 2517 1466 2563 nemo
1510 2518 1637 2563 non
1670 2498 1841 2563 videt
1880 2498 1986 2581 qui
2030 2496 2298 2561 actionis
2330 2496 2524 2579 parti—

151 2617 300 2681 ceps
343 2617 473 2662 non
500 2603 628 2662 'est
719 2597 818 2663 Ob
863 2599 1128 2663 eandem
1186 2617 1446 2663 causam
1488 2598 1678 2663 etiam
1746 2598 1837 2662 illi
1882 2616 2103 2663 versus
2145 2596 2249 2679 qui
2297 2597 2396 2660 vel
2442 2595 2523 2660 ab

147 2704 364 2763 actore
423 2697 526 2762 vel
588 2698 1083 2782 quotiescunque
1139 2697 1321 2764 huius
1377 2698 1517 2764 vice
1558 2698 1873 2783 fungitur,
1939 2717 1980 2763 a
2038 2697 2232 2769 choro
2291 2696 2356 2761 in
2399 2695 2523 2762 fine

148 2797 427 2864 scaenae
469 2797 814 2863 recitantur
868 2798 1309 2865 advenientem
1356 2800 1622 2864 alterum
1669 2798 1999 2875 tertiumve
2044 2804 2321 2863 actorem
2364 2796 2524 2861 indi-

146 2907 368 2964 cantes
414 2918 542 2963 non
587 2898 1080 2981 coniunctiones,
1127 2899 1241 2966 sed
1285 2900 1696 2965 transitiones
1727 2900 1962 2965 debent
2005 2898 2338 2983 appellari.
2401 2897 2524 2960 Ex·

146 2999 427 3083 cipiendi
473 3005 617 3063 sunt
660 3000 718 3064 ei
762 3000 868 3082 qui
914 3000 1209 3065 melicam
1253 3019 1550 3066 scaenam
1594 2999 1859 3064 mixtam
1903 3005 2217 3080 secuntur,
2262 2998 2383 3062 hoc
2428 3002 2526 3062 est

146 3100 412 3165 alternis
458 3120 513 3164 a·
535 3099 735 3165 choro
781 3107 845 3164 et
870 3100 1175 3166 histrione
1218 3106 1561 3183 peractam,
1604 3119 1794 3183 quam
1839 3100 2234 3183 (plerumque
2260 3087 2521 3162 iniuria:

148 3198 486 3282 Westphal
517 3199 774 3283 Proleg.
809 3202 888 3265 14
911 3202 1031 3284 ss.)
1079 3220 1396 3265 commum
1439 3200 1647 3265 solent
1677 3218 1928 3280 vocare.
1988 3199 2123 3263 Has
2167 3197 2333 3262 enim
2379 3196 2523 3261 dra·
2637 3189 2650 3201 ’

148 3300 334 3364 matis
378 3305 602 3383 partes
644 3300 934 3364 similiter
976 3305 1165 3383 atque
1200 3300 1479 3385 parodos
1525 3299 1757 3364 mixtas
1802 3298 1884 3363 ad
1929 3297 2225 3364 choricae
2255 3296 2523 3363 actionis

147 3398 628 3465 similitudinem
659 3399 917 3484 propius
947 3400 1252 3466 accedere
1275 3421 1369 3469 ,ex
1400 3406 1740 3465 metrorum
1785 3398 2286 3465 conformatione
2331 3396 2523 3462 facile

147 3500 492 3584 colligitur.

149 3717 216 3817 ξ.
272 3724 342 3797 4.
449 3711 630 3794 De
680 3712 1058 3793 scaenis
1111 3723 1920 3817 scaenas-umque
1969 3695 2522 3818 particulis·

308 3900 433 3964 His
478 3898 671 3982 igitur
720 3897 1027 3981 expositis
1071 3917 1260 3979 quam
1303 3898 1433 3962 vim
1488 3898 1726 3963 habeat
1769 3898 1937 3962 actio
2001 3895 2257 3963 chorica
2303 3895 2384 3960 ad
2431 3895 2523 3959 di-

146 3997 476 4065 rimendas
540 3997 845 4063 dramatis
902 4006 1117 4082 partes
1173 3998 1561 4063 intellectum
1616 4004 1802 4083 puto:
1870 4003 2068 4062 restat
2121 4003 2191 4062 ut
2244 3996 2325 4062 de
2368 3996 2525 4080 ipsis

146 4100 271 4165 illis
315 4099 612 4185 partibus
656 4099 933 4163 breviter
975 4097 1206 4168 dicam.
1269 4099 1363 4163 Ac
1404 4098 1674 4182 primum
1719 4097 1973 4181 quidem
2003 4097 2367 4182 'episodium
2417 4102 2526 4161 aut
2625 4117 2629 4121 *

148 4219 272 4266 una
313 4217 561 4264 scaena
594 4198 946 4264 continetur
988 4197 1274 4281 generali
1319 4204 1429 4262 aut
1470 4198 1719 4265 duabus
1763 4198 2044 4263 tribusve
2086 4197 2525 4284 interscaeni‘is

148 4319 493 4385 numquam
539 4297 673 4363 fere
706 4317 831 4363 non
858 4296 1167 4364 discretis.
1239 4298 1490 4364 Scaena
1534 4297 1766 4364 deinde
1810 4298 2133 4381 generalis
2173 4297 2264 4361 ita
2291 4316 2332 4361 a
2372 4315 2523 4381 poe·

148 4400 236 4467 tis
273 4407 374 4466 est
419 4404 796 4479 constructa,
842 4404 909 4464 ut
958 4418 1041 4464 ex
1095 4418 1224 4466 una
1278 4404 1524 4464 constet
1576 4398 1846 4466 actionis
1901 4403 2083 4482 parte
2134 4397 2421 4482 perfecta
2464 4402 2527 4462 et

150 4492 607 4568 cenclusa'aut
647 4498 858 4565 divisa
901 4498 984 4565 sit
1039 4498 1117 4590 in.
1148 4519 1416 4565 scaenas
1460 4497 1850 4584 peculiareS,
1899 4518 2063 4583 ,quas
2104 4493 2249 4565 κατ’
2293 4493 2531 4585 ἐξοχὴν
