3267 5450
809 485 856 549 §-
894 482 946 540 3.
1019 481 1105 538 De
1141 480 1460 550 symmetria
1494 437 1917 550 proportionali.
2023 534 2028 539 .
2460 480 2543 549 69

201 654 272 719 ab
330 651 552 717 eodem
612 649 860 714 recitati
923 649 1046 714 sibi
1119 649 1574 734 respondeant,
1640 648 1846 731 quode
1903 649 2138 715 dictum
2198 657 2296 715 est
2350 670 2544 734 supra

201 754 302 818 sub
339 753 429 817 lit.
460 753 548 829 B.
636 750 815 827 Quae
860 770 999 814 cum
1045 749 1135 813 ita
1177 769 1248 815 se
1291 749 1588 830 habeant,
1636 756 2125 814 consentaneum
2167 750 2415 816 videtur
2458 750 2540 815 si-

201 853 315 918 mili
369 851 822 935 aequabilitate
880 849 1215 915 obstrictas
1281 869 1425 915 esse
1489 848 1810 914 orationes
1868 849 2111 917 Orestis
2173 850 2300 915 illis
2367 850 2542 915 chori

88 1032 93 1038 ι
199 972 471 1019 versuum
518 950 1063 1033 complexionibus
1107 949 1404 1016 inclusas.
1485 949 1746 1015 Numeri
1800 957 2009 1023 autem
2074 970 2366 1016 versuum
2407 951 2541 1034 qni-

114 1062 119 1073 '
198 1055 302 1119 bus
341 1053 465 1117 bae
510 1038 907 1118 continentur
951 1050 1270 1115 orationes
1314 1069 1540 1115 novem
1583 1058 1728 1115 sunt
1770 1057 1834 1115 et
1876 1050 2247 1133 duodecim,
2289 1042 2428 1135 qui,
2474 1051 2539 1115 id

194 1153 344 1237 quod
386 1155 495 1216 vix
538 1170 698 1234 opus
743 1157 840 1215 est
883 1169 1255 1231 memorare,
1299 1149 1643 1214 ternarium
1690 1170 2012 1216 numerum
2057 1152 2540 1237 multiplicatum

195 1251 571 1334 eandemque
613 1251 923 1315 rationem
968 1251 1208 1315 habent
1249 1269 1437 1333 quam
1458 1236 1609 1339 —t‘res
1664 1249 1748 1314 ad
1791 1257 2105 1333 quattuor.
2194 1251 2406 1328 Quare
2449 1250 2543 1316 sic
2635 1240 2644 1250 “

195 1359 280 1418 est
319 1351 823 1418 constituendum
867 1351 1156 1416 schema:

598 1455 673 1513 X
713 1453 768 1515 Ο
809 1454 885 1513 Χ
965 1452 1148 1514 ΟΧΟ
1233 1452 1309 1511 Χ
1388 1450 1443 1512 Ο
1524 1453 1598 1511 Χ

611 1540 906 1700 'zi-2¹37
986 1552 1086 1620 9.1
1247 1548 1286 1687 Ι5
1355 1530 1477 1613 12³⁶
1513 1547 1740 1698 2¹2:
1781 1550 1884 1616 as
1927 1558 1990 1615 et
2031 1552 2134 1618 34

339 1720 407 1785 H
449 1721 508 1788 2.
594 1721 889 1806 Ispisodii
912 1720 1172 1785 secundi
1198 1739 1423 1783 scaena
1451 1720 1726 1784 secunda
1770 1719 1892 1787 649
1914 1739 1999 1784 ss.
2048 1720 2319 1786 similem
2350 1722 2543 1788 habet
2614 1746 2621 1753 ·

191 1821 526 1903 rationem,
573 1822 866 1903 quoniam
914 1842 953 1885 a
998 1821 1504 1904 Clytaemnestra
1547 1819 1850 1904 deinceps
1893 1819 2236 1884 recitantur
2278 1841 2392 1887 sex
2434 1842 2542 1888 no·

64 1948 69 1951 ·
188 1941 319 1986 vem
364 1921 698 1987 duodecim
745 1941 965 1986 versus
1009 1922 1100 1985 ita
1142 1929 1209 1985 ut
1249 1920 1416 1984 idem
1466 1919 1778 1984 ternarius
1825 1939 2120 1984 numerus
2164 1922 2540 2009 multiplica·

186 2029 278 2087 tus
317 2020 558 2086 redeat.
658 2022 844 2087 Ratio
908 2027 1116 2085 autem
1174 2021 1395 2085 horum
1462 2040 1863 2085 numerorum
1916 2019 2144 2085 eadem
2199 2028 2299 2086 est
2353 2029 2541 2106 atque

188 2121 444 2189 duorum
494 2120 577 2186 ad
622 2128 752 2187 tres
795 2121 879 2186 ad
923 2128 1233 2204 quattuor.
1319 2120 1670 2204 Propterea
1713 2120 1872 2197 haec
1932 2120 2317 2186 stabilienda
2368 2122 2542 2189 vide-

186 2228 279 2286 tur
318 2221 558 2306 figura:
622 2254 625 2255 ⁷

1086 2321 1153 2382 K
1210 2321 1264 2382 O
1324 2321 1388 2380 K
1435 2320 1490 2382 Ο
1551 2321 1623 2385 Ο.

1090 2429 1135 2487 6
1202 2421 1279 2487 17
1331 2426 1377 2485 9
1437 2420 1479 2487 7
1540 2423 1639 2484 12.

343 2522 417 2586 In
463 2521 586 2586 hac
627 2520 834 2604 figura
875 2526 1095 2585 teneas
1136 2517 1324 2585 velim
1383 2520 1726 2583 ternarium
1773 2539 2096 2585 numerum
2142 2518 2331 2584 etiam
2375 2541 2542 2586 sum·

184 2641 284 2685 ma
324 2641 617 2687 versuum
678 2621 761 2685 ab
809 2620 1034 2686 Oreste
1065 2621 1466 2703 prolatorum
1512 2619 1850 2704 contineri,
1914 2640 2052 2685 cum
2099 2619 2319 2704 viginti
2363 2629 2541 2706 quat-

179 2728 316 2787 tuor
361 2724 490 2787 sint
533 2721 731 2787 octies
776 2718 954 2786 terni.

340 2828 401 2889 7.
488 2820 885 2886 Eumenides.

341 2921 425 2986 ΙΙ.
509 2920 882 3005 Ιῆοἰεοάἰαηι
905 2921 1239 2987 secundum
1283 2919 1405 2986 393
1429 2938 1515 2986 ss.
1557 2917 1782 3003 incipit
1806 2940 1846 2984 a
1868 2917 2095 3002 viginti
2137 2926 2380 3004 septem
2407 2941 2545 2988 ver-

177 3021 352 3086 sibus
400 3021 752 3102 Minervae3
797 3021 1077 3085 eiusdem
1122 3038 1435 3103 personae
1480 3026 1626 3084 sunt
1666 3028 2001 3103 praeterea
2044 3040 2268 3085 novem
2314 3022 2546 3103 sticho·

175 3121 437 3203 mythici
486 3127 548 3186 et
594 3122 658 3186 in
691 3120 1042 3206 posteriore
1088 3140 1361 3192 scaenae
1405 3121 1719 3204 particula
1747 3120 1972 3203 viginti
2017 3129 2258 3204 septem
2303 3141 2545 3204 versus,

175 3220 336 3285 inter
403 3241 561 3304 quos
608 3221 853 3287 Orestis
920 3221 1122 3288 oratio
1190 3222 1521 3285 interiecta
1575 3226 1693 3285 est.
1780 3219 1907 3284 Ter
1973 3220 2163 3303 igitur
2232 3222 2548 3288 invenitur

173 3322 561 3387 novenarius
619 3343 915 3387 numerus
960 3322 1042 3386 ad
1088 3321 1355 3386 eandem
1400 3321 1709 3384 rationem
1769 3319 2015 3404 positus
2059 3328 2249 3403 atque
2293 3321 2418 3387 duo
2464 3321 2546 3386 ad

176 3440 366 3487 unum
414 3421 501 3487 ad
543 3427 671 3488 tres
716 3422 807 3488 ita
849 3429 914 3487 ut
957 3423 1078 3487 hoc
1108 3423 1395 3487 exsistat
1436 3421 1725 3486 schema:

857 3524 937 3584 A
998 3525 1076 3584 X
1161 3525 1315 3583 AX
1530 3523 1608 3581 A
1672 3520 1727 3580 Ο
1779 3519 1861 3580 A

858 3628 941 3688 1s
1008 3621 1047 3688 3
1147 3554 1482 3708 1s.1(o)l
1550 3619 1590 3686 7
1645 3619 1738 3686 27
1781 3619 1863 3686 20

1556 3700 1848 3820 *55¹

166 3933 187 3944 Ἃ
341 3853 524 3930 Quos
569 3852 778 3918 adbuc
833 3853 1208 3937 protulimus
1253 3853 1496 3917 numeri
1555 3872 1848 3918 versuum
1907 3852 2303 3935 multiplicati
2364 3853 2549 3917 unius

170 3959 315 4016 sunt
359 3939 714 4038 personae]
761 3960 1029 4036 excepta
1069 3953 1429 4018 Promethei
1473 3953 1680 4037 prima
1724 3953 1911 4018 exodi
1957 3971 2223 4032 scaena3
2285 3952 2547 4017 duorum

166 4053 575 4136 reperiuntur
617 4055 680 4116 in
725 4052 1178 4116 Eumenidibus
1223 4052 1320 4116 his
1367 4052 1556 4117 locis:

335 4153 373 4218 I
420 4155 489 4217 1.·
565 4152 864 4236 Εφιέςοάίί
897 4154 1100 4236 primi
1138 4172 1365 4216 scaena
1398 4155 1618 4236 prima
1661 4152 1782 4220 177
1804 4171 1896 4217 ss:
1953 4170 2199 4217 summa
2255 4172 2549 4218 versuum

166 4272 207 4317 a
250 4253 457 4318 choro
502 4252 1043 4334 pronuntiatorum
1089 4252 1588 4334 quattuordecim
1634 4258 1798 4333 sunt,
1845 4270 2090 4316 summa
2133 4252 2215 4315 ab
2252 4252 2549 4336 Apolline

166 4351 580 4417 recitatorum
610 4351 1035 4434 quadraginta
1058 4352 1201 4417 duo.
1259 4351 1573 4429 Quoniam
1605 4358 1817 4415 autem
1849 4351 2277 4433 quadraginta
2314 4350 2439 4416 duo
2465 4351 2548 4415 ad

166 4450 682 4535 quattuordecim
711 4451 872 4519 sicut
895 4460 1024 4515 tres
1053 4452 1136 4515 ad
1163 4470 1371 4535 unum,
1400 4452 1561 4517 haec
1586 4451 1856 4536 emergit
1879 4470 2277 4516 numerorum
2305 4451 2543 4535 figura:
