3267 5450
561 500 566 505 .
693 424 778 513 50
880 456 897 461 ‘
1126 464 1173 504 c.
1214 445 1314 504 III.
1388 444 1476 504 De
1518 442 1843 519 symmetria
1881 443 2194 503 dramatica
2229 441 2565 518 Aeschylea.

692 631 802 678 sus
844 618 999 696 quot
1042 613 1124 678 ab
1168 615 1368 682 altero
1409 614 1505 680 ita>
1540 622 1609 680 ut
1653 616 1818 681 duae
1861 616 1987 680 sint
2026 633 2340 699 personae
2383 613 2738 698 oppositae,
2787 612 3030 692 dualem,

693 712 977 793 tertiam,
1039 714 1189 796 quia
1231 716 1585 798 particulae
1644 717 1910 782 actionis
1969 735 2132 798 quae
2175 715 2300 779 sibi
2343 714 2733 798 respondent
2776 713 3033 798 pluribus

693 813 987 895 personis
1033 821 1176 879 sunt
1219 834 1603 895 communes,
1651 836 2044 883 communem
2088 814 2576 880 nominabimus,

1219 1077 1286 1144 Α.
1374 1078 1458 1145 De
1498 1079 1855 1162 symmetria
1897 1077 2190 1160 singulari
2232 1055 2534 1160 simplice.

788 1330 799 1338 ,
863 1272 1068 1355 Atque
1113 1275 1381 1358 primum
1424 1276 1677 1359 quidem
1725 1276 2131 1361 symmetriae
2164 1276 2541 1350 mensuralis
2570 1295 2733 1359 quae
2781 1274 3043 1340 versibus

701 1371 1052 1441 continetur
1095 1375 1178 1439 ab
1222 1395 1346 1439 uno
1393 1375 1698 1442 histrione
1734 1378 1997 1461 prolatis
2042 1376 2176 1440 sive
2222 1377 2564 1459 singularis
2611 1378 2773 1440 haec
2819 1382 2913 1439 est
2949 1393 3044 1437 na·

697 1478 839 1535 tura
880 1479 949 1538 ut
989 1481 1142 1557 quot
1184 1475 1266 1539 ab
1312 1495 1436 1540 uno
1462 1484 1677 1542 actore
1721 1477 1965 1541 recitati
1991 1495 2213 1541 versus
2258 1484 2404 1547 sunt
2446 1476 2705 1541 totidem
2751 1476 2817 1539 in
2843 1473 3045 1538 eadem

701 1569 1008 1637 dramatis
1052 1582 1234 1658 parte
1278 1576 1360 1640 ab
1425 1577 1650 1659 eod-em
1708 1584 1922 1641 actore
1965 1576 2461 1660 pronuntientur.
2548 1576 2839 1660 Simplex
2881 1594 3047 1639 voca·

701 1677 801 1736 tur
845 1673 980 1738 eius
1004 1675 1257 1757 generis
1285 1677 1727 1760 aequabilitas,
1773 1696 1912 1741 cum
1959 1674 2061 1741 vel
2094 1676 2290 1741 semel
2326 1678 2423 1741 vel
2469 1677 2611 1760 plus
2655 1695 2846 1759 quam
2873 1674 3049 1739 semel

699 1771 869 1839 idem
924 1792 1218 1839 versuum
1282 1796 1579 1842 numerus
1624 1777 1708 1841 ab
1761 1778 1984 1841 eadem
2028 1795 2309 1860 persona
2348 1776 2670 1859 repetitur.
2757 1774 3051 1857 Exempla

699 1876 955 1955 praeter
1019 1892 1229 1940 meras
1293 1876 1782 1961 stichomythias
1850 1886 1913 1943 et
1955 1885 2023 1941 ut
2078 1877 2167 1941 ita
2224 1877 2431 1941 dicam
2496 1875 3051 1960 distichomythiae,

703 1991 866 2055 quae
911 1993 1050 2038 cum
1095 1977 1464 2042 notissimae
1512 1979 1655 2057 sint,
1704 1978 1824 2043 hac
1866 1976 2276 2061 paragrapho
2317 1980 2715 2058 omittantur,
2786 1994 3050 2042 occurre-

703 2073 857 2137 bant
899 2073 1060 2139 haec
1102 2074 1165 2139 in
1210 2076 1448 2142 fabulis
1488 2078 1896 2162 Aeschyleis:

869 2174 926 2238 1.
1010 2174 1259 2242 Persae.

870 2273 899 2337 I
944 2272 1006 2341 2.
1090 2275 1388 2360 Episodii
1414 2278 1643 2360 -primi
1693 2295 1922 2340 scaena
1960 2276 2268 2341 secunda:
2332 2284 2479 2363 post
2545 2276 2835 2359 singulas
2898 2271 3056 2338 chori

702 2373 1002 2456 strophas
1046 2375 1176 2440 bini
1221 2375 1515 2441 versiculi
1563 2395 1603 2439 a
1649 2376 1865 2439 nuntio
1898 2376 2299 2458 proferuntur
2342 2376 2426 2441 ad
2468 2376 2635 2442 hanc
2676 2375 2974 2460 figuram:

1352 2478 1429 2538 X
1463 2473 1505 2539 ἅ
1548 2478 1625 2538 Χ
1659 2473 1699 2537 ἷί
1742 2477 1819 2537 Χ
1851 2472 1894 2537 ἄ
1935 2478 2013 2537 Χ
2046 2473 2090 2538 ὅ
2130 2480 2207 2539 Χ
2242 2474 2285 2540 ἄ
2326 2481 2404 2540 Χ

1375 2575 2280 2657 α2α’2β2β’2γ2
2339 2584 2413 2659 y‘.

744 2831 747 2834 .
1491 2764 1500 2817 ¹
1864 2763 2269 2843 1-——.¹

868 2850 900 2913 Ι
942 2850 1000 2916 3.
1086 2849 1381 2934 Ιῆήεοάίἱ
1417 2853 1615 2937 primi
1645 2870 1873 2915 scaena
1905 2854 2093 2916 tertia
2135 2850 2260 2919 329
2282 2871 2380 2917 ss:
2425 2850 2645 2916 decem
2690 2848 2895 2913 nuntii
2940 2866 3062 2911 ver·

706 2967 815 3012 sus
857 2950 1130 3018 Atossae
1174 2952 1463 3017 senarius
1522 2970 1818 3015 numerus
1867 2959 1930 3015 et
1987 2952 2313 3035 praecedit
2355 2941 2418 3017 et
2459 2952 2741 3042 sequitur
2785 2950 2870 3013 ad
2914 2948 3066 3012 hanc

703 3069 989 3115 normam
1011 3075 1026 3115 :

1688 3149 2034 3214 ‘Ac‘z'A

1772 3250 2035 3318 6106.

1496 3353 1501 3358 ·
1790 3333 2000 3390 1—1
3138 3347 3144 3360 ·
3183 3363 3184 3396 ,

874 3400 905 3464 Ι
946 3401 1006 3468 3.
1093 3400 1394 3485 Episodii
1437 3403 1666 3483 primi·
1701 3422 1927 3467 scaena
1980 3406 2172 3469 tertia
2226 3403 2345 3469 431
2371 3421 2467 3467 ss:
2537 3400 2751 3488 media
2807 3417 3073 3466 scaenae
3183 3453 3184 3466 ,

708 3501 1056 3586 particula,
1113 3520 1277 3584 quae
1319 3503 1579 3585 longam
1626 3503 1828 3567 nuntii
1874 3504 2223 3570 orationem
2262 3502 2565 3587 sequitur,
2608 3500 2776 3566 binis
2819 3499 3073 3584 reginae
3183 3539 3184 3546 κ

709 3585 1003 3667 versibus
1045 3601 1389 3666 includitur
1432 3602 1553 3667 hoc
1595 3601 1817 3668 modo:

1646 3704 1729 3765 A
1770 3701 1811 3766 ὀί
1854 3705 1935 3764 A
1980 3700 2020 3765 ὅ
2061 3703 2143 3765 A

1656 3801 1698 3868 2
1769 3804 1810 3868 3
1874 3803 1915 3869 3
1975 3805 2016 3866 4
2076 3801 2117 3938 2Ι
2205 3859 2224 3872 .

876 3953 938 4017 II
981 3954 1022 4020 2
1066 3955 1126 4019 b.
1212 3953 1511 4038 Episodii
1558 3955 1815 4018 secundi
1865 3974 2092 4019 scaena
2142 3955 2418 4020 secunda
2459 3955 2583 4022 700
2605 3975 2689 4020 ss,
2735 3961 2800 4019 et
2841 3953 2972 4021 744
2991 3971 3079 4017 εε.

713 4053 812 4117 bis
854 4054 991 4118 seni
1048 4055 1394 4120 tetrametri
1464 4054 1771 4120 trochaici
1830 4056 1914 4119 ab
1959 4057 2193 4119 Atossa
2249 4055 2637 4139 pronuntiati
2683 4055 3081 4118 inveniuntur

710 4153 777 4218 in
820 4154 1033 4220 media
1075 4175 1350 4221 scaenae
1391 4155 1711 4239 particula
1755 4154 1840 4218 ad
1883 4154 2005 4220 hoc
2048 4154 2340 4220 schema:

1552 4255 1619 4316 A
1662 4255 1744 4317 A
1811 4254 1955 4316 AA
2041 4255 2108 4316 A
2169 4256 2249 4316 A

1566 4355 1636 4421 6¹
1681 4353 1752 4422 6⁴
1795 4354 1970 4420 244¹
2017 4355 2126 4419 14⁴
2170 4355 2258 4422 6⁸.

1701 4436 2186 4500 l-——-—i
