3267 5450
630 481 716 551 28
890 496 898 504 “
1245 511 1250 517 ·
1312 500 1360 542 c.
1400 487 1468 542 11.
1511 487 1596 542 De
1636 485 1892 556 partibus
1929 486 2328 556 episodiorum.

632 672 779 718 esse
818 652 986 736 quod
1031 652 1113 717 ab
1146 652 1467 736 Antigona
1511 660 1572 718 et
1602 653 1852 738 Oedipo
1896 654 2069 719 chori
2116 660 2332 739 partes
2376 651 2806 736 suscipiantur
2847 650 3015 714 indi-

625 759 929 836 ceturque
972 753 1077 835 qui
1120 752 1452 818 adventuri
1496 752 1625 817 sint
1649 760 1913 832 actores,
1963 754 2113 836 quia
2138 755 2461 839 peregrini
2495 759 2641 819 sunt
2672 753 2736 816 hi
2783 752 3013 816 choro-

634 870 755 934 que
798 851 1020 935 ignoti.

1178 1016 1244 1081 Β.
1288 1016 1371 1082 De
1415 1016 1615 1083 altero
1662 1032 1892 1100 uenere
1938 1017 2451 1084 coniunctionum.

716 1172 723 1182 ·
797 1147 934 1211 Iam
980 1166 1359 1230 quaeramus
1415 1148 1495 1212 de
1552 1149 1754 1213 altero
1812 1168 2046 1231 genere
2100 1151 2626 1215 coniunctionum.
2713 1152 2895 1230 Quae
2937 1152 3009 1217 in

635 1246 994 1331 Aeschyleis
1032 1253 1271 1312 tantum
1319 1248 1554 1313 fabulis
1598 1248 2000 1313 inveniuntur
2043 1249 2143 1313 his
2185 1250 2381 1314 locis:

779 1350 857 1410 -1.
903 1346 1154 1413 Per-sar.
1197 1347 1322 1414 530
1352 1367 1435 1412 ss.
1483 1353 1628 1412 ante
1663 1348 1992 1412 stasimum
2022 1349 2326 1432 primum:
2370 1350 2868 1433 quattuordecim
2913 1351 3009 1415 di-

637 1447 817 1510 metri
863 1454 926 1510 et
969 1446 1502 1512 duo-monometri
1549 1450 1617 1529 (4
1659 1454 1846 1532 syst.:
1913 1448 2122 1513 Christ
2158 1449 2476 1532 Theilung
2511 1449 2626 1514 des
2660 1449 2859 1514 Chors
2896 1450 3010 1535 36)

634 1548 1060 1630 anapaestiei:
1123 1553 1189 1611 ut
1232 1567 1399 1612 nunc
1441 1549 1677 1612 multae
1732 1547 1968 1613 deflent
2009 1549 2305 1613 Persides
2360 1556 2623 1614 mortem
2686 1570 2814 1614 una
2866 1571 3009 1614 cum

635 1646 913 1711 exercitu
957 1646 1198 1728 ingenti
1241 1647 1629 1731 perditorum
1661 1647 2018 1730 coniugum,
2062 1649 2156 1714 sic
2184 1669 2303 1715 nos
2346 1650 2747 1735 deploremus
2790 1670 3007 1715 eorum

636 1747 740 1829 qui
789 1747 1111 1831 perierunt
1156 1747 1355 1811 fatum
1399 1748 1773 1812 luctuosum.
1864 1747 2044 1824 Quae
2103 1748 2371 1815 simulac
2415 1751 2822 1835 pronuntiata
2864 1758 3011 1817 sunt

635 1867 676 1916 a
720 1847 1106 1931 coryphaeo‚
1150 1846 1481 1911 universus
1525 1847 1755 1913 chorus
1799 1847 2033 1932 occipit
2064 1855 2356 1914 cantare:
2400 1857 2520 1917 νῦν
2561 1851 2639 1916 δὲ
2680 1850 3010 1936 πρόπασα

634 1948 758 2031 μὲν
802 1950 1017 2013 στένει
1056 1944 1197 2027 γαῖ’
1224 1945 1458 2024 Ἀσῖὰς
1499 1943 1941 2029 ἐκκενουμένα
1984 1951 2117 2015 κτλ.

804 2047 863 2113 2.
899 2046 1151 2113 Persar.
1183 2047 1300 2114 621
1327 2067 1409 2113 ss.
1444 2055 1593 2111 ante
1622 2046 2107 2112 interscaenium
2143 2047 2413 2132 episodii
2446 2048 2740 2114 secundi:
2782 2070 3013 2114 novem

639 2145 887 2211 dimetri
943 2153 1006 2212 et
1058 2166 1217 2210 unus
1264 2152 1651 2212 monometer
1706 2147 1781 2231 (2
1822 2148 2013 2231 syst.)
2069 2151 2536 2232 anapaesticus:
2603 2149 2864 2231 reginae
2917 2169 3012 2214 re-

639 2246 961 2330 spondens
1005 2246 1578 2330 obtemperaturum
1623 2267 1695 2312 se
1736 2247 1992 2312 monitis
2038 2247 2211 2312 chori
2258 2248 2388 2313 dux
2430 2247 2761 2313 denuntiat
2799 2249 3014 2314 Tellu-

638 2365 896 2429 remque
940 2352 1004 2411 et
1037 2346 1413 2412 Mercurium
1458 2353 1522 2411 et
1548 2348 1880 2412 Plutonem
1924 2347 2225 2431 implorat
2267 2354 2335 2414 ut
2378 2348 2507 2414 sint
2546 2349 2840 2433 propitii:
2880 2356 3011 2413 tum

640 2447 844 2532 ipsum
892 2466 1145 2512 carmen
1191 2447 1469 2529 sequitur
1513 2448 1871 2512 evocationi
1914 2447 2293 2514 dedicatum.

805 2547 864 2614 3.
907 2547 1278 2631 Supplieum
1317 2546 1440 2613 605
1464 2566 1550 2611 ss.
1595 2556 1743 2612 ante
1788 2547 2114 2612 Stasimum
2160 2547 2535 2612 secundum:
2600 2548 2874 2630 quinque
2918 2547 3011 2612 di-

642 2645 827 2711 metri
871 2647 942 2731 (1
989 2647 1179 2730 syst.)
1223 2648 1646 2731 anapaestiei:
1716 2646 2089 2713 exhortatur
2140 2648 2272 2712 dux
2325 2648 2663 2713 choreutas
2717 2656 2785 2712 ut
2844 2648 3017 2712 laeta

637 2755 971 2832 precentur
1026 2747 1263 2831 populo
1305 2747 1582 2830 Argivo3
1641 2765 1804 2831 quae
1859 2768 2085 2832 preces
2142 2749 2405 2814 stasimo
2466 2749 2753 2833 sequenti
2813 2749 3012 2815 conti-

640 2853 885 2913 nentur.

803 2948 865 3013 4.
907 2947 1281 3029 Supplicum
1309 2946 1430 3013 981
1464 2966 1549 3010 ss.
1594 2953 1743 3012 ante
1772 2948 2043 3013 exodum
2074 2949 2428 3014 choricamz
2469 2955 2766 3032 quattuor
2800 2951 3009 3015 trime·

637 3050 728 3113 tri
766 3047 1056 3114 iambici:
1123 3045 1292 3128 quod
1347 3046 1431 3110 ad
1477 3047 1863 3129 virginitatis
1917 3048 2113 3114 decus
2175 3048 2608 3114 sustinendum
2665 3051 2890 3115 attinet
2943 3056 3013 3115 ut

636 3148 804 3212 bono
852 3148 934 3212 sit
975 3146 1186 3211 animo
1230 3154 1477 3231 patrem
1522 3153 1663 3211 orat
1705 3147 1836 3212 dux
1880 3148 2085 3227 chori3
2145 3168 2309 3231 quae
2352 3149 2605 3231 quidem
2649 3135 3009 3216 coniunctio

635 3249 873 3332 epilogi
919 3246 1185 3312 similior
1231 3252 1329 3311 est
1373 3266 1563 3329 quam
1602 3245 2105 3312 introductionis.

798 3350 857 3415 5.
900 3349 1148 3428 Septem
1199 3345 1326 3413 804
1350 3364 1436 3409 ss.
1503 3352 1651 3410 ante
1706 3347 2031 3411 stasimnm
2086 3347 2368 3412 tertium:
2435 3354 2577 3412 octo
2637 3347 2887 3412 dimetri
2944 3355 3009 3414 et

632 3447 757 3513 duo
800 3446 1174 3513 monometri
1220 3447 1289 3529 (2
1322 3449 1505 3528 syst.)
1550 3449 1968 3530 anapaestici:
2011 3447 2254 3512 nescire
2300 3468 2369 3513 se
2412 3447 2567 3512 dicit
2607 3448 3005 3533 coryphaeus

628 3557 834 3613 utrum
878 3547 1159 3630 gaudeat
1201 3546 1282 3610 ob
1328 3552 1645 3610 servatam
1693 3547 1911 3611 urbem
1957 3566 2041 3611 an
2084 3547 2418 3612 defunctos
2462 3545 2695 3612 defleat
2725 3548 3007 3633 impera-

628 3654 817 3713 toreS.
898 3648 1014 3712 His
1059 3645 1246 3711 dictis
1291 3646 1520 3709 chorus
1564 3646 1833 3727 lugubre
1878 3666 2131 3712 carmen
2175 3647 2414 3730 incipit.

791 3748 850 3815 6.
893 3748 1257 3832 Ayamemn.
1317 3745 1441 3811 342
1481 3764 1567 3809 88.
1636 3752 1783 3809 ante
1847 3747 2177 3811 stasimum
2246 3747 2546 3831 primum:
2616 3749 3006 3830 anapaestici

622 3846 914 3912 undecim
980 3844 1228 3911 dimetri
1291 3852 1354 3910 et
1406 3864 1566 3910 unus
1622 3852 2010 3910 monometer
2078 3846 2146 3930 (3
2204 3847 2427 3928 syst.):
2494 3845 2713 3911 Iovem
2781 3865 2998 3929 regem

624 3947 880 4011 invocat
921 3945 1095 4011 chori
1140 3945 1270 4009 dux
1312 3950 1683 4027 noctemque
1728 3951 1791 4009 et
1826 3946 2039 4010 Iovem
2082 3945 2463 4028 hospitalem
2511 3953 2848 4010 veneratur
2893 3946 2999 4027 qui

624 4046 790 4111 ultor
835 4045 1142 4125 extiterit3
1188 4045 1415 4127 quibus
1459 4044 1749 4109 versibus
1794 4044 2127 4129 splendide
2172 4045 2256 4110 ad
2305 4044 2631 4109 Stasimum
2676 4046 2999 4110 transitur.

786 4148 846 4213 7.
893 4144 1296 4229 Ghoffhoron
1339 4144 1464 4212 298
1486 4163 1570 4209 ss.
1616 4151 1763 4208 ante
1808 4163 2139 4224 commum,
2198 4144 2278 4209 cf.
2346 4164 2541 4228 supra
2594 4145 2669 4208 A.
2713 4146 2783 4212 7:
2857 4153 2999 4209 octo

622 4245 871 4311 dimetri
912 4252 976 4309 et
1006 4264 1166 4309 unus
1198 4250 1590 4309 monometer
1632 4244 1700 4326 (3
1730 4244 1917 4326 syst.)
1960 4247 2429 4328 anapaesticus:
2471 4244 2709 4308 Parcas
2744 4244 3001 4309 invocat

619 4345 848 4411 chorus
893 4342 1188 4429 precibus
1234 4351 1302 4408 ut
1344 4345 1496 4409 Iove
1541 4344 1830 4408 adiutore
1875 4339 2233 4426 fiant'quae
2274 4343 2442 4409 iusta
2486 4343 2640 4408 sint:
2685 4340 2837 4409 ἀντὶ
2876 4345 3001 4428 μὲν

618 4441 870 4530 ἐχθρᾶς
925 4445 1228 4529 γλώσσης
1277 4441 1491 4529 ἐχθρὰ
1542 4446 1813 4525 γλῶσσα
1865 4445 2187 4509 τελείσθω
2233 4489 2260 4526 ,ψ
2294 4487 2310 4505 .
2356 4491 2369 4506 .
2415 4440 2567 4508 ἀντὶ
2618 4443 2697 4509 δὲ
2751 4444 3001 4529 πληγῆς
