3267 5450
725 509 808 589 68
1199 539 1249 579 e.
1290 514 1385 578 111.
1460 513 1546 578 De
1583 512 1905 594 symmetria
1940 512 2250 577 dramatica
2286 517 2627 597 Aeschyleo..

727 699 1025 777 quattuor
1069 692 1314 758 Eteocli
1376 692 1666 756 versibus
1724 692 1897 775 capit
1950 690 2226 770 initium,
2297 694 2612 760 clauditur
2655 692 3060 775 stichomythia

730 800 871 858 octo
936 813 1159 859 versus
1218 791 1678 874 complectenti.
1781 791 2092 868 Quoniam
2172 794 2393 876 viginti
2459 801 2754 877 quattuor
2808 794 2892 857 ad
2949 801 3059 858 octo

728 892 892 958 sicut
933 900 1062 958 tres
1107 894 1190 957 ad
1233 913 1456 973 unum,
1522 891 1702 955 idem
1744 911 2041 957 numerus
2084 895 2444 959 octonarius
2497 894 2943 978 multiplicatus
2988 895 3058 956 in·

728 992 978 1058 venitur
1021 993 1105 1057 ad
1147 993 1321 1059 hunc
1365 992 1681 1057 ordinem.

674 1082 681 1089 '
1235 1092 2549 1156 EXEXEXEXEXEXE

1226 1191 2557 1274 2463a3a3ss3ss3a1

896 1307 989 1370 111
1036 1309 1093 1372 1.
1180 1278 1391 1373 Tertii
1432 1331 1574 1375 vero
1620 1310 1888 1393 episodii
1927 1328 2166 1373 scaena
2206 1311 2413 1393 prima
2455 1311 2578 1377 775
2603 1329 2688 1373 ss.
2766 1306 3065 1374 duodecim

730 1406 926 1471 habet
966 1426 1187 1472 versus
1244 1411 1444 1472 nuntii
1487 1411 1551 1473 in
1596 1409 1945 1492 principio,
1990 1429 2216 1473 novem
2262 1409 2545 1474 eiusdem
2587 1410 2652 1473 in
2700 1410 2905 1483 exitu,
2944 1427 3064 1490 quo-

730 1526 867 1572 rum
912 1526 1308 1572 numerorum
1369 1508 1592 1575 eadem
1656 1517 1752 1573 est
1808 1509 1969 1573 ratio
2014 1516 2201 1593 atque
2256 1516 2550 1591 quattuor
2593 1510 2676 1574 ad
2719 1516 2885 1585 treS,
2946 1506 3069 1588 quia

731 1616 955 1690 quater
1009 1608 1170 1672 terni
1215 1615 1361 1673 sunt
1402 1609 1768 1689 duodecim,
1814 1618 1911 1673 ter
1968 1609 2129 1674 terni
2187 1630 2433 1675 novem.
2521 1610 2701 1675 Haec
2756 1610 2946 1692 igitur
2993 1614 3071 1672 est

728 1727 1128 1822 numerorum
1173 1708 1538 1774 collocatio:

1458 1807 1498 1870 α’
1556 1806 1744 1872 ΧᾶΧ
1789 1807 1830 1872 ἆ

1436 1913 1517 1973 12
1600 1908 1703 1975 9.1
1787 1909 2088 1976 9:43
2134 1910 2360 1976 et3..3

896 2008 957 2072 4.
1042 2005 1459 2073 Pwometheus

906 2106 977 2170 Ιιι
1012 2108 1285 2192 proloqo
1328 2107 1650 2174 orationes
1710 2108 1880 2191 quod
1923 2109 2205 2191 sequitur
2263 2106 2640 2188 colloquium
2685 2107 2776 2169 ita
2817 2110 2915 2170 est
2953 2123 3078 2170 con-

735 2208 1073 2271 formatum
1119 2215 1186 2270 ut
1241 2207 1452 2273 decies
1517 2215 1741 2290 quater
1788 2208 1916 2272 bini
1958 2208 2230 2273 Roboris
2284 2226 2505 2271 versus
2560 2213 2623 2270 et
2666 2205 2880 2270 decies
2922 2205 3076 2288 quin·

737 2307 916 2389 quies
961 2306 1196 2389 singuli
1246 2307 1508 2372 Volcani
1556 2307 1756 2373 tribus
1801 2315 1862 2373 et
1905 2328 2021 2372 sex
2063 2307 2332 2372 Roboris
2377 2306 2959 2372 circumcludantur.
3007 2304 3079 2368 Hi

735 2413 948 2473 autem
993 2407 1269 2490 numeri,
1317 2427 1455 2472 cum
1498 2415 1630 2472 tres
1676 2408 1801 2472 sint
1843 2410 2039 2473 semel
2083 2409 2263 2485 terni,
2308 2426 2421 2471 sex
2466 2407 2562 2470 bis
2604 2407 2790 2488 terni,
2835 2404 3078 2471 eandem

738 2508 978 2573 habent
1019 2509 1325 2573 rationem
1360 2529 1547 2591 quam
1592 2528 1755 2573 unus
1800 2507 1883 2571 ad
1929 2507 2108 2573 duos.
2176 2507 2339 2584 Quin
2383 2527 2535 2572 vero
2569 2507 2693 2572 sibi
2717 2505 3081 2591 respondere

736 2609 1005 2674 voluerit
1034 2616 1226 2694 poeta
1259 2628 1554 2673 numeros
1583 2609 1729 2673 illos
1773 2627 1898 2672 non
1928 2607 2177 2673 videtur
2206 2627 2395 2692 posse
2425 2607 2719 2687 dubitari,
2766 2606 2917 2689 quia
2956 2603 3080 2668 reli-

735 2730 892 2793 quos
948 2730 1174 2775 versus
1225 2708 1569 2773 secundum
1625 2700 2056 2793 symmetriam
2118 2709 2369 2774 dualem
2415 2709 2763 2774 collocatos
2810 2726 2952 2772 esse
2993 2725 3083 2770 su-

736 2829 932 2893 supra
987 2810 1371 2875 intellectum
1431 2815 1528 2874 est
1613 2812 1732 2874 sub
1799 2809 1891 2890 lit.
1953 2809 2032 2873 D.
2143 2809 2419 2874 Schema
2485 2828 2638 2893 ergo
2702 2826 3084 2873 numerorum

736 2910 859 2974 hoc
901 2915 1031 2975 est:

1891 3006 1975 3074 39

1470 3089 1670 3207 ΕΗ
1764 3087 2195 3205 ΚΗὲΗ
2305 3143 2371 3204 Κ

1453 3244 1670 3309 1124
1774 3248 1817 3308 a
1911 3243 2406 3380 1144206.

902 3491 993 3557 IV
1038 3495 1094 3557 1.
1179 3490 1397 3558 Exodi
1442 3496 1664 3575 prima
1719 3514 1944 3559 scaena
1987 3494 2111 3562 906
2133 3512 2232 3562 ss:
2298 3492 2787 3577 stichomythiae
2846 3494 3101 3561 circum-

741 3591 891 3657 iecti
935 3599 1081 3657 sunt
1122 3593 1349 3676 viginti
1392 3614 1552 3659 unus
1597 3603 1661 3659 et
1700 3603 1943 3679 septem
1990 3614 2213 3660 versus
2254 3593 2615 3659 Promethei
2658 3594 2750 3659 ita
2789 3601 2864 3660 ut
2905 3593 3100 3660 mulli-

738 3690 1013 3775 plicatus
1082 3692 1440 3759 inveniatur
1506 3696 1904 3779 septenarius
1968 3714 2264 3761 numerus
2334 3694 2416 3759 ad
2474 3694 2742 3761 eandem
2798 3695 3104 3764 rationem

738 3796 929 3876 atque
974 3798 1103 3857 tres
1157 3793 1241 3857 ad
1288 3813 1498 3859 unum.
1584 3794 2136 3871 Quamobcausam
2182 3795 2343 3861 haec
2384 3794 2722 3860 statuenda
2768 3802 2870 3861 est
2916 3795 3105 3861 collo-

637 3944 641 3948 .
672 3945 685 3956 .
737 3891 868 3977 quii
911 3890 1149 3974 figura:

1551 3995 2164 4058 -ΠΧΠΧΠ

896 4127 901 4131 ·
1688 4101 1769 4161 21
1883 4096 1985 4163 9.1
2088 4100 2152 4162 7.

780 4251 793 4260 ,
905 4192 966 4259 6.
1052 4190 1463 4277 Ghoephoroe.

759 4351 770 4366 ,
906 4290 938 4355 I
981 4291 1042 4358 3.
1126 4292 1419 4377 Episodii
1444 4296 1649 4378 primi
1680 4315 1903 4359 scaena
1928 4295 2116 4359 tertia
2155 4292 2280 4364 497
2301 4314 2385 4359 ss.
2430 4312 2596 4377 quae
2625 4292 2946 4359 extribus
2975 4310 3113 4358 eon·

741 4397 868 4456 stat
910 4392 1238 4476 particulis
1280 4394 1556 4461 mediam
1611 4396 1804 4460 habet
1846 4396 1938 4459 ita
1979 4393 2394 4478 compositam
2437 4401 2505 4459 ut
2546 4400 2845 4477 quattuor
2893 4400 2963 4460 et
2992 4400 3115 4459 tres

739 4492 1038 4559 versiculi
1080 4493 1145 4557 in
1188 4494 1366 4561 initio
1411 4514 1452 4560 a
1477 4495 1672 4561 choro
1715 4494 2100 4583 pronuntiati
2141 4501 2203 4560 et
2233 4493 2509 4578 quinque
2554 4500 2617 4560 et
2659 4494 2789 4562 duo
2830 4489 2904 4560 in
2951 4494 3116 4560 exitu
