3267 5450
840 520 889 586 §-
928 520 975 576 3.
1052 517 1138 575 De
1172 516 1388 575 stasimi
1421 478 1669 573 notione.
1707 545 1775 556 --
1816 532 1865 570 ο.
1902 514 1970 570 11.
2007 514 2128 570 init.
2584 510 2664 578 15

314 693 561 754 tantum
624 684 1038 774 anapaestico.
1094 691 1443 771 systemata
1494 686 1597 752 vel
1640 683 1996 771 praemissa
2034 702 2481 766 nonnunquam
2523 689 2670 749 sunt

311 788 592 854 stasimis
636 789 738 854 vel
783 788 1100 869 subiecta,
1144 786 1424 871 sequitur
1465 794 1533 852 ut
1574 786 1736 852 haec
1777 791 2127 870 systemata
2166 804 2207 849 a
2247 783 2525 849 stasimis
2567 804 2666 851 se·

315 889 494 955 clusa
537 889 807 955 voluerit
848 887 1269 972 philosophus
1326 884 1789 974 (Myriantheus
1834 887 1954 954 116
1978 886 2040 970 s)
2105 885 2294 969 idque
2337 904 2462 951 non
2507 884 2666 950 iniu-

309 990 442 1072 ria,
506 991 657 1074 quia
715 1008 840 1054 non
904 989 1193 1072 integrae
1247 988 1475 1055 cantici
1532 993 1749 1072 partes
1791 995 1967 1069 sunt,
2034 986 2150 1053 sed
2192 986 2666 1053 coniunctiones

310 1091 581 1156 actionis
642 1089 935 1155 choricae
995 1096 1058 1154 et
1110 1088 1476 1170 scaenicae,
1542 1089 1622 1153 de
1666 1089 1891 1171 quibus
1932 1088 2102 1153 infra
2160 1085 2418 1153 dicitur:
2487 1107 2540 1152 c.
2584 1087 2667 1151 II.

311 1194 376 1272 ξ.
419 1192 480 1258 3.
564 1190 740 1256 Idem
783 1190 863 1254 de
903 1190 1194 1256 versibus
1235 1188 1574 1255 trochaicis
1618 1187 2017 1261 statuendum
2059 1187 2335 1269 videtur,
2379 1206 2522 1253 cum
2564 1207 2668 1252 ea-

310 1292 459 1357 dem
514 1291 759 1356 ratione
816 1291 909 1356 eis
972 1310 1123 1357 usos
1168 1310 1310 1356 esse
1352 1295 1577 1375 poetas
1624 1296 1814 1373 atque
1859 1288 2283 1373 anapaesticis
2323 1307 2449 1353 non
2493 1290 2674 1372 pror-‘

309 1412 423 1458 sus
482 1392 772 1457 absimile
829 1391 942 1472 sit,
1023 1410 1404 1474 quamquam
1459 1390 1523 1454 in
1579 1390 1927 1473 tragoediis
1972 1409 2135 1472 quae
2177 1394 2418 1454 restant
2457 1407 2670 1453 eorum

311 1512 469 1558 usus
511 1492 719 1557 nullus
760 1491 1094 1558 invenitur.
1177 1491 1343 1556 Nam
1386 1491 1449 1556 in
1484 1490 1699 1555 Persis
1742 1490 1846 1574 qui
1891 1482 2109 1555 extant
2150 1489 2501 1555 hexametri
2542 1495 2672 1554 tres

313 1593 492 1659 chori
534 1592 840 1658 trochaici
880 1612 999 1658 nec
1041 1593 1368 1659 stasimum
1395 1597 1459 1657 et
1478 1611 1558 1657 ne
1580 1590 1889 1675 parodum
1927 1589 2179 1673 quidem
2203 1596 2516 1671 secuntur,
2556 1588 2671 1655 sed

312 1713 538 1759 versus
584 1693 1032 1779 anapaesticos
1076 1694 1158 1759 ab
1201 1695 1315 1759 illa
1357 1692 1820 1775 seiungendos:
1865 1711 1917 1757 c.
1943 1691 2025 1755 11.
2052 1693 2111 1771 §-
2135 1691 2195 1758 3.
2228 1692 2303 1755 A.
2376 1690 2463 1755 At
2504 1670 2669 1755 enim

310 1793 608 1860 dixerunt
649 1795 848 1860 verba
889 1794 1004 1859 illa
1045 1795 1121 1859 τὸ
1169 1794 1329 1859 ἄνευ
1376 1791 1805 1879 α’ναπαίᾳτου
1850 1791 1933 1857 ad
1974 1792 2283 1876 parodum
2308 1790 2669 1875 tragoedia·

308 1914 453 1960 rum
513 1913 655 1960 esse
696 1895 1035 1960 referenda
1057 1941 1074 1973 ‚
1119 1894 1286 1960 ἄνευ
1325 1898 1640 1978 τροχαίου
1685 1911 1833 1958 vero
1878 1892 1961 1956 ad
2005 1892 2384 1957 comoedias.
2468 1891 2671 1976 Quasi

307 2015 469 2062 vero
508 1995 744 2062 indicia
769 1996 1032 2060 undevis
1077 2014 1322 2059 sumere
1353 1995 1542 2059 liceat
1583 1994 1667 2058 ad
1697 2011 1838 2058 eam
1865 2012 1996 2058 rem
2024 1994 2463 2077 exponendam
2507 2012 2670 2077 quae

308 2096 379 2161 in
419 2116 488 2162 se
529 2096 765 2162 habeat
805 2096 961 2161 satis
994 2096 1231 2162 claram
1271 2093 1790 2178 explicationem:
1828 2094 2259 2178 Myriantheus
2283 2096 2449 2161 116⁵.
2493 2095 2671 2160 Talis

309 2203 413 2262 est
452 2217 590 2263 mos
632 2197 1026 2281 quorundam
1065 2202 1133 2262 ut
1173 2215 1336 2279 quae
1380 2214 1483 2261 res
1515 2213 1641 2259 non
1678 2195 1956 2261 difficilis
1988 2201 2085 2261 est
2107 2195 2362 2278 cognitu
2393 2195 2671 2262 difficilis

308 2296 643 2380 reddatur,
688 2303 757 2363 ut
797 2297 1076 2363 habeant
1119 2298 1218 2362 cui
1260 2315 1430 2361 nova
1471 2294 1741 2361 artificia
1802 2302 2253 2380 superstruant.
2340 2294 2471 2361 Sed
2513 2296 2674 2362 haec

310 2398 638 2464 hactenus.
680 2398 818 2463 Iam
885 2397 1284 2482 perspicuum
1354 2405 1451 2462 est
1509 2417 1589 2463 ea
1630 2409 1794 2480 quae
1838 2398 1920 2462 ab
1965 2397 2301 2464 Aristotele
2346 2397 2674 2463 traduntur

308 2498 438 2563 etsi
476 2517 601 2563 non
644 2518 893 2565 omnem
935 2499 1060 2563 vim
1109 2498 1354 2563 stasimi
1400 2499 1775 2584 exprimunt,
1818 2504 2028 2563 tamen
2052 2517 2178 2563 non
2203 2518 2488 2582 pugnare
2532 2519 2672 2565 cum

308 2600 677 2669 definitione
723 2620 802 2664 ex
844 2600 1004 2684 ipsis
1045 2599 1394 2683 tragoediis
1437 2605 1733 2686 prompta
1776 2605 1965 2682 atque
2011 2599 2368 2684 adsumpta.

697 2835 772 2900 c.
822 2818 939 2901 Π.
1040 2817 1166 2900 De
1215 2817 1611 2919 partibus
1661 2759 2273 2919 episodiorum.

480 2999 790 3085 Episodia
831 3000 1124 3066 dixerunt
1165 3000 1422 3084 quidam
1466 3020 1506 3066 a
1528 3000 1792 3067 Graecis
1833 3000 2041 3085 poetis
2084 3019 2210 3068 non
2255 2999 2439 3064 aliter
2481 3004 2671 3081 atque

311 3108 497 3167 actus
558 3121 599 3166 a
652 3100 957 3166 Romanis
1017 3106 1080 3166 et
1147 3101 1602 3167 recentioribus
1664 3102 1730 3166 in
1792 3087 2061 3168 scaenas
2115 3119 2258 3167 esse
2314 3099 2673 3181 distributa,

310 3202 410 3267 ita
449 3208 518 3267 ut
562 3221 686 3267 non
727 3202 850 3267 nisi
892 3203 997 3267 vel
1039 3201 1390 3287 prodeunte
1457 3203 1521 3267 in
1573 3203 1830 3286 logeum
1891 3203 1995 3268 vel
2049 3201 2413 3268 discedente
2471 3201 2551 3266 ab
2596 3218 2672 3266 eo

313 3322 592 3368 scaenae
635 3302 883 3367 termini
928 3303 1419 3369 declararentur.
1507 3302 1648 3381 Quo
1691 3303 1905 3368 nescio
1949 3322 2030 3367 an
2076 3302 2233 3367 nihil
2292 3302 2496 3389 possit
2548 3302 2674 3368 dici

309 3401 866 3470 inconsideratius.
953 3403 1261 3487 Ignorant
1283 3404 1450 3470 enim
1473 3411 1825 3487 utrumque,
1869 3423 2009 3469 cum
2043 3402 2201 3469 illud
2234 3423 2313 3468 ne
2358 3422 2399 3467 a
2440 3403 2674 3469 nostris

313 3504 572 3588 quidem
616 3504 821 3591 poetis
869 3503 1137 3569 adeum
1179 3504 1434 3569 modum
1478 3521 1663 3587 quem
1697 3504 1912 3569 dicunt
1940 3522 2208 3569 scaenas
2245 3523 2388 3569 esse
2413 3504 2675 3570 instruc-

313 3614 451 3689 tas,
514 3611 643 3670 tum
687 3605 810 3671 hoc
865 3625 1029 3689 quae
1086 3604 1152 3670 in
1217 3626 1409 3671 unum
1467 3624 1696 3688 corpus
1759 3604 2021 3670 redacta
2065 3624 2206 3671 esse
2250 3606 2673 3691 apparettali

314 3704 631 3771 divisione
699 3706 1097 3773 incommode
1137 3706 1448 3772 lacerari.
1533 3706 1744 3771 Aliam
1813 3706 2007 3790 igitur
2064 3724 2226 3790 opus
2284 3711 2392 3771 est‘
2423 3705 2673 3790 ingredi

315 3806 493 3870 viam
535 3806 628 3870 ad.
662 3807 1073 3889 aperiendam
1138 3807 1445 3873 rationem
1507 3826 1697 3890 quam
1750 3807 1817 3870 in
1864 3806 2323 3891 componendis
2366 3806 2671 3890 episodiis

316 3906 523 3972 secuti
564 3912 712 3971 sunt
750 3914 979 3990 poetae
1023 3907 1230 3991 magis
1270 3908 1586 3972 idoneam.
1674 3910 1881 3989 Atque
1924 3906 2080 3971 mibi
2122 3907 2375 3989 quidem
2421 3907 2677 3972 chorica
2769 3963 2778 3977 ,

314 4006 720 4093 potissimum
775 4008 1024 4073 actione
1081 4009 1243 4075 sicut
1300 4008 1523 4073 drama
1577 4008 1938 4072 universum
1980 4008 2071 4072 ita
2110 4006 2400 4092 episodia
2441 4008 2507 4072 in
2549 4008 2673 4073 sin·

317 4109 509 4193 gulas
561 4115 777 4194 partes
802 4108 1028 4175 ·dividi
1071 4110 1380 4177 videntur.
1466 4108 1892 4187 Quamobrem
1937 4108 2145 4192 qualis
2189 4109 2272 4174 sit
2314 4107 2479 4174 actio
2527 4108 2675 4174 cho·

317 4209 456 4275 rica
495 4228 664 4274 nunc
704 4227 1101 4292 quaeramus.
1189 4209 1433 4276 Chorus
1466 4209 1659 4293 igitur
1701 4216 1810 4275 aut
1851 4211 2024 4275 solus
2068 4209 2203 4293 agit
2245 4214 2355 4274 aut
2398 4228 2537 4273 cum
2579 4208 2673 4273 hi·

318 4310 666 4377 strionibus
728 4309 864 4394 agit
919 4315 1027 4375 aut
1068 4310 1478 4377 histrionibus
1522 4310 1859 4395 agentibus
1900 4309 2336 4394 interloquitur
2378 4316 2489 4375 aut
2530 4310 2676 4375 cho-

320 4412 523 4478 ricam
570 4410 883 4477 actionem
940 4431 1079 4477 cum
1133 4412 1430 4478 scaenica
1480 4412 1767 4478 conectit.
1864 4411 1963 4475 Ex
2019 4410 2117 4476 his
2174 4412 2528 4478 actionibus
2584 4414 2672 4479 al-

319 4522 492 4595 tera,
537 4513 835 4600 quoniam
877 4520 1006 4579 tum
1051 4533 1192 4580 cum
1236 4533 1362 4579 non
1404 4515 1578 4580 solus
1622 4514 1759 4598 agit
1804 4512 2030 4578 chorus
2073 4512 2306 4579 actoris
2347 4512 2489 4579 vice
2515 4512 2710 4614 ›fun-l
